2687 3754
100 203 209 276 Cap.
225 199 335 255 VII.
351 200 444 256 DE
485 196 763 255 CALoRE
789 193 888 251 AC
911 191 1228 258 FRIGORE,
1255 190 1585 250 HUMIDIT.
1613 193 1711 250 AC
1740 192 1988 248 SICCIT.
2009 190 2219 250 AERIS.
2266 205 2375 261 329

539 327 718 381 Aliter.
1290 339 1339 385 4.
1387 323 1564 378 Globo
1597 319 1829 394 infigatur
1875 322 2025 392 stylus
2065 325 2203 385 No,
2242 324 2380 390 cujus

1366 399 1651 455 extremitas
1695 403 1742 451 O
1784 399 1922 451 limbi
1956 399 2244 455 divisionem
2272 399 2375 454 fere

1367 480 1583 550 attingit.

1288 557 1420 610 Dico
1445 595 1459 619 ,
1496 557 1626 609 hunc
1657 555 1868 608 indicem
1894 554 2194 608 incrementa
2216 554 2373 609 hurni-

1286 634 1453 688 ditatis
1479 637 1529 687 δε
1563 631 1786 686 ficcitatis
1812 633 1936 685 a‘eris
1967 628 2291 686 ostensurum.

0 477 55 523 ὼ,
103 443 148 511 i.
191 454 335 507 Funis
382 455 683 508 cannabinus
731 452 830 507 AC
860 468 945 507 aut
996 470 1171 506 nervus

5 549 37 588 Ι.
173 531 343 584 fidium
370 532 520 584 altera
569 530 634 584 sui
677 534 988 584 extremitate
1042 547 1172 583 unco

0 612 55 668 'ig-
172 608 333 663 ferreo
376 610 418 662 A
451 610 677 680 alligetur
702 647 716 671 ,
760 607 909 661 altera
960 626 1085 661 vero
1121 608 1171 660 C

14 691 51 719 ²·
172 688 221 740 in
270 702 441 740 centro
482 687 662 739 tabula?
713 686 884 757 lignea:
933 687 1007 739 FF
1041 686 1173 739 hori-

172 764 430 818 zontalitet
464 762 630 835 pofitae
654 762 892 816 firmetur.

96 855 148 901 2.
190 846 351 913 Prope
402 842 453 895 C
500 839 730 912 infigatur
766 839 960 911 pondus
1009 839 1173 910 plum-

163 922 324 974 ·beum
365 922 418 974 D
453 919 591 972 unius
634 918 826 972 circiter
876 918 1010 970 librae
1060 935 1173 971 cum

173 1015 363 1051 annexa
394 997 562 1069 regula
594 999 712 1050 DG.

87 1093 150 1143 3.
189 1080 262 1130 Ex
286 1091 456 1129 centro
495 1077 544 1129 C
581 1074 628 1127 in
665 1073 833 1127 tabula
875 1070 1176 1128 describatur

174 1154 378 1208 circulus
407 1155 454 1205 in
477 1167 638 1224 partes
664 1167 990 1224 quotcunque
1015 1169 1174 1224 aequa-

172 1232 241 1285 les
266 1230 577 1285 dividendus.

259 1384 992 1435 DEMONSTRATIO.

164 1510 301 1563 Cum
328 1508 462 1561 enim
503 1507 633 1566 funis
684 1506 987 1560 cannabinus
1025 1521 1177 1578 atque

87 1604 266 1643 nervus
318 1585 487 1639 fidium
539 1586 634 1638 levi
691 1585 911 1656 quodam
965 1586 1177 1638 humore

27 1712 29 1716 ,
89 1666 242 1719 aeris,
272 1665 468 1735 qualem
498 1661 655 1716 secum
690 1663 823 1715 vehit
848 1663 1028 1715 halitus
1052 1664 1172 1725 oris>

90 1744 310 1797 imbutus
352 1742 589 1795 velociter
630 1756 1055 1812 contorqueatur,
1090 1759 1175 1793 eo-

90 1820 205 1873 dem
230 1836 395 1873 autem
420 1819 683 1873 exhalante
713 1816 868 1871 rursus
916 1818 1174 1888 extemplo

93 1895 363 1951 resolvatur
410 1894 670 1965 (§·'215.
716 1906 820 1954 218
866 1897 932 1967 >3
971 1897 1174 1948 evidens

86 1977 161 2029 -est
197 1975 368 2046 quod,
411 1977 617 2028 humore
653 1976 775 2026 a'eris
810 1976 957 2026 auito
979 2011 993 2035 ,
1026 1974 1172 2026 index

86 2053 416 2125 quantitatem
453 2052 775 2105 contorsionis
815 2052 894 2104 vel
922 2049 1171 2104 resolutio·

89 2131 161 2184 nis
191 2131 484 2193 monstrare,
527 2128 879 2201 consequenter
918 2130 1172 2182 humidita-

87 2209 147 2260 tis
175 2212 224 2261 &
271 2208 489 2261 ficcitatis
531 2210 826 2260 incrementa
854 2207 1070 2260 indicare
1087 2208 1168 2259 de-

89 2287 221 2338 beat.
274 2287 354 2337 Est
377 2286 524 2356 igitur
549 2287 921 2338 instrumentum
950 2282 1167 2355 Hygros-

90 2364 304 2435 copiunt
332 2364 351 2431 ζ
377 2371 426 2424 si.
462 2377 566 2430 197
588 2364 624 2433 >.
708 2362 779 2433 Ως
812 2386 850 2416 e.
882 2365 930 2415 d.

526 2517 707 2571 Aliter.

9 2650 43 2706 ‚3'
92 2660 135 2700 Ι.
173 2644 317 2696 Funis
357 2644 655 2696 cannabinus
682 2662 766 2696 aut
791 2663 967 2697 nervus
992 2644 1160 2698 fidium

162 2724 231 2773 'til
271 2721 424 2773 altero
474 2719 537 2773 sui
589 2738 814 2774 extremo
849 2720 1161 2794 suspendatur

158 2817 218 2850 ex
252 2817 379 2849 unco
417 2801 479 2850 H.

85 2889 133 2932 2.
171 2876 326 2928 Alteri
369 2876 661 2927 extremitati
697 2877 1021 2930 {annectatur
1050 2879 1158 2949 glo-

161 2954 252 3004 bus
291 2956 332 3002 Κ
376 2955 512 3004 nnius
561 2954 750 3004 circiter
782 2952 934 3006 librae.

87 3044 131 3094 3.
161 3030 340 3082 Lis-mbo
389 3031 666 3099 pedamenti
708 3032 805 3081 ΒΜ
838 3028 1156 3085 inscribantur

157 3107 264 3159 duze
310 3108 592 3177 peripheriae
635 3106 799 3159 circuli
830 3108 1068 3177 parallelae
1105 3115 1153 3164 δι’

158 3181 360 3254 spatium
390 3184 730 3236 intermedium
760 3184 805 3234 in
832 3202 991 3254 partes
1011 3204 1154 3259 quot-

158 3278 355 3332 cunque
382 3263 590 3332 aequales
614 3260 879 3314 dividatur.

154 3363 318 3431 Wffii
343 3362 481 3433 Oper.
506 3361 761 3414 Mamm.
788 3365 934 3415 Tom.
961 3363 1025 3417 Π.

1487 786 2142 838 DEMoNsTRATIQ

1368 909 1556 964 Eadem
1597 908 1792 983 prorsus
1833 911 1901 965 est
1929 949 1946 974 ,
1984 928 2100 984 =quae
2144 911 2370 984 proxime

1289 988 1580 1060 praecedens.

1733 1116 1915 1171 Aliter.

1300 1258 1345 1297 l.
1389 1244 1625 1296 Parentur
1675 1239 1935 1295 subscudes
1982 1240 2170 1298 sulcatae
2204 1245 2291 1300 AB
2325 1250 2373 1301 &
2410 1259 2523 1307 Tab.

1371 1321 1476 1377 CD
1500 1339 1564 1374 ex
1591 1320 1728 1392 ligno
1756 1321 2008 1392 quercinO.

2417 1330 2500 1372 III.

1295 1411 1346 1456 2.
1394 1401 1524 1451 Intra
1563 1417 1732 1452 crenas
1769 1397 2019 1471 oppositas
2051 1414 2280 1471 aptentur
2305 1399 2375 1455 as.
2414 1395 2513 1453 Fig.

1369 1475 1535 1531 ferculi
1579 1476 1780 1529 abietini
1827 1478 2008 1531 AEFC
2061 1483 2112 1533 &
2158 1483 2371 1538 GBDH,
2413 1474 2489 1512 24·

1368 1557 1432 1609 ita
1468 1571 1521 1608 ut
1558 1555 1685 1608 ultro
1730 1555 1957 1627 citroque
1994 1554 2226 1611 facillime
2265 1576 2372 1613 mo-

1367 1634 1469 1686 veri
1494 1633 1686 1704 poffint.

1292 1725 1339 1776 3.
1388 1714 1443 1764 In
1489 1710 1882 1766 extremitatibus
1941 1706 2250 1766 subscudium
2298 1715 2368 1779 A,

1362 1793 1427 1845 B,
1450 1791 1500 1843 C
1506 1829 1520 1853 ,
1538 1791 1589 1842 D
1616 1789 1765 1842 clavis
1793 1787 2047 1842 firmentur
2063 1787 2370 1849 afferculi,·&

1366 1869 1489 1920 inter
1527 1885 1791 1938 utrumque
1832 1867 2134 1939 relinquatur
2163 1865 2372 1941 spatium
2404 1882 2413 1887 “’

1363 1949 1546 2000 EGHF
1569 1984 1583 2008 ,
1612 1945 1744 2012 cujus
1774 1945 1985 1999 latitudo
2008 1948 2098 2000 EG
2123 1949 2262 2002 unius
2285 1950 2372 2003 cir-

1364 2025 1486 2077 citer
1510 2024 1666 2095 digiti.

1284 2117 1336 2164 4.
1380 2104 1432 2155 In
1465 2104 1485 2153 I
1512 2100 1731 2154 firmetur
1749 2100 1922 2153 lamina
1943 2103 2222 2156 orichalcea
2245 2104 2370 2158 den·

1361 2196 1459 2231 tata
1480 2182 1549 2233 IK
1575 2184 1623 2232 δε
1645 2180 1692 2232 in
1728 2179 1768 2230 L
1808 2179 1971 2231 rotula
2017 2181 2250 2244 dentata,
2284 2202 2365 2236 cu-

1359 2258 1433 2325 jus
1457 2257 1536 2310 axi
1580 2259 1624 2310 in
1661 2257 1814 2323 altera
1851 2258 2096 2312 Machinae
2136 2258 2262 2314 facie
2299 2262 2370 2313 in-

1359 2335 1456 2388 dex
1492 2334 1738 2388 inferatur.

1289 2430 1335 2481 ς.
1369 2413 1593 2467 Tandem
1638 2433 1698 2466 ex
1746 2428 1916 2465 centro
1961 2414 2066 2466 axis
2102 2415 2149 2467 in
2191 2413 2370 2468 eadem

1361 2492 1482 2543 facie
1521 2488 1824 2543 describatur
1878 2490 2087 2544 circulus
2125 2492 2173 2544 in
2210 2508 2370 2564 partes

1360 2584 1684 2641 quotcunque
1717 2566 1929 2638 aequales
1969 2566 2284 2623 dividendus.

1470 2699 2194 2751 DEMoNsTRAi-IO.

1356 2824 1491 2876 Cum
1521 2822 1648 2874 enim
1686 2822 1987 2893 experientia
2022 2823 2139 2876 teste
2170 2824 2364 2896 lignum,

1275 2900 1547 2953 abietinum
1573 2900 1829 2952 humorem
1859 2901 1981 2952 aeris
2026 2899 2254 2954 facillime
2271 2904 2357 2957 im-

1277 2978 1417 3030 bibat
1443 2996 1501 3030 ac
1535 2977 1647 3029 inde
1675 2974 1918 3049 turgescat
1936 3017 1948 3039 ‚
1968 2978 2176 3031 humore
2192 2996 2357 3035 autern

1273 3054 1432 3108 rursus
1457 3054 1699 3127 exspirato
1722 3052 1937 3107 tabescat
1962 3076 1971 3105 :
2001 3053 2032 3106 fi
2059 3056 2182 3108 a‘eris
2205 3057 2360 3112 humi-

1272 3134 1400 3186 ditas
1429 3147 1664 3204 augetur‚
1698 3129 1914 3184 afferculi
1957 3133 2040 3185 AF
2075 3136 2124 3187 &
2152 3137 2241 3187 BH
2269 3136 2356 3190 hu-

1274 3228 1410 3262 more
1446 3206 1775 3281 turgescentes
1819 3210 2019 3280 propius
2053 3209 2116 3262 ad
2152 3208 2197 3264 se
2233 3212 2353 3272 invi.

1273 3305 1379 3340 cem
1422 3286 1692 3343 accedunt3
1730 3285 1763 3338 fi
1804 3286 1882 3339 illa
1917 3284 2072 3341 rursus
2096 3288 2350 3357 minuitur³

1721 3366 1766 3417 T
1782 3379 1803 3416 t
2200 3367 2349 3425 iidem
