2687 3754
168 210 355 297 Cale.
382 214 478 276 DE
502 209 718 273 MoTU
733 210 1065 276 FLUIDOR.
1088 213 1164 276 VI
1187 218 1381 286 AERIS
1404 222 1770 287 com-tom
1793 226 2316 292 PRoDUCENDo.
2345 249 2374 306 3
2389 235 2461 306 53⁴

370 350 1048 404 DEMONSTRATIO.

238 423 290 481 Si
317 429 448 480 enim
478 443 608 499 aqua
635 425 683 478 vi
707 426 832 481 aeris
869 426 1123 499 compressi
1160 446 1247 502 per

156 504 335 559 'tubum
364 505 582 574 ejicitur,
626 504 700 556 vis
723 542 737 565 ‚
790 522 901 576 quae
939 505 1244 577 impenditur

154 582 219 636 'ad
261 601 369 636 eam
414 580 738 651 ejiciendam,
783 583 853 636 est
891 583 1111 638 excessus
1162 586 1240 639 vis

150 660 356 714 elasticae
393 661 516 715 aeris
541 658 799 730 compreffi
823 658 962 733 supra
1003 663 1105 717 vim
1123 661 1238 717 elas-

146 738 294 792 ticam
321 740 443 793 aeris
480 737 545 793 ad
585 736 830 793 orificium
860 738 970 793 tubi
1017 739 1237 795 resisten-

139 818 201 869 tis
223 856 236 878 ,
284 818 475 888 reliqua...
496 816 558 870 ad
583 815 878 870 vincendam
919 816 1231 872 resistentiam

135 892 376 948 irrisam-ars.
422 895 676 966 Quoniam
710 895 856 966 igitur
882 896 1087 966 perinde
1119 897 1187 949 est
1214 935 1228 959 2

697 987 928 1043 urgeatur
962 974 1010 1026 vi
1033 974 1227 1028 elastica

133 1052 291 1113 aene,
363 1051 461 1105 sive
501 1052 546 1103 vi
579 1051 834 1122 gravitatis
873 1068 1015 1123 aquae
1063 1053 1225 1106 eidem

388 1145 552 1184 motus
596 1129 700 1196 ejus
732 1128 914 1183 eodem
951 1130 1117 1183 modo
1137 1149 1221 1184 ac-

129 1208 335 1260 celerari
367 1208 547 1269 debet,
591 1223 695 1278 quo
741 1207 1047 1261 acceleratur
1095 1205 1223 1280 pres-

129 1284 265 1338 sione
289 1304 430 1358 aquae
463 1285 527 1339 ad
564 1301 753 1338 tantam
773 1285 1086 1339 altitudinem
1105 1304 1220 1339 con-

124 1362 353 1425 sistentis,
387 1379 573 1436 quanta
601 1360 766 1415 sufficit
793 1363 858 1416 ad
883 1365 1217 1435 aequilibrium

123 1457 239 1495 cum
271 1439 463 1496 excessu
484 1441 678 1495 clateris
707 1443 834 1494 aeris
867 1439 1125 1513 compressi
1142 1440 1215 1495 su-

119 1529 207 1591 pra
233 1519 466 1575 elaterem
492 1521 595 1589 ejus
621 1557 636 1581 ‚
681 1520 767 1591 qui
790 1518 854 1573 ad
873 1518 1116 1574 orificium
1143 1536 1217 1575 tu-

134 970 232 1025 five
252 990 384 1046 aqua
424 974 508 1041 ejit
522 973 664 1025 iersda

130 1130 307 1200 aequali
328 1150 341 1186 ς

119 1597 172 1652 bi
211 1597 394 1653 resistit.
441 1600 561 1671 ξε.
590 1602 637 1653 d.

289 1678 957 1731 CoRottARIUM
1023 1677 1065 1732 1

184 1770 262 1830 93·
299 1756 363 1802 Ea
392 1754 536 1818 igitur
561 1753 799 1801 celeritate
818 1754 1033 1811 ejicitur,
1071 1768 1210 1816 quam

115 1822 377 1883 acquireret
416 1818 627 1869 cadendo
653 1836 737 1883 per
770 1820 1103 1874 altitudinem,
1150 1821 1210 1868 ad

114 1895 256 1950 quam
313 1888 563 1936 constituta
595 1902 716 1948 aqua
751 1886 1057 1948 aequ1libr11m
1101 1903 1206 1935 cum

113 1955 289 2000 excessu
324 1955 506 2002 clateris
538 1954 654 2001 aeris
685 1955 925 2015 compressi
958 1953 1089 2017 supra
1115 1957 1205 2000 ela-

111 2032 258 2068 terem
277 2020 336 2068 ad
362 2021 588 2068 orificium
604 2019 845 2067 resistentis
863 2019 1007 2070 servat
1022 2021 1199 2082 (548).

247 2089 891 2141 CoRoLLAktuM
974 2090 1048 2142 ΙΙ.

176 2181 255 2225 94.
294 2167 351 2212 Et
381 2165 411 2212 fi
447 2164 756 2212 diversimode
802 2164 1085 2226 compressus
1119 2169 1196 2212 aer

102 2230 229 2290 ejicit
267 2247 434 2294 aquam
455 2240 470 2286 3
518 2231 778 2278 celeritates
802 2264 816 2284 ,
859 2231 1031 2293 quibus
1068 2232 1193 2292 ejici-

101 2305 179 2345 'tur
196 2332 212 2352 ,
249 2298 415 2347 suntin
434 2298 614 2346 ratione
641 2296 960 2361 subduplicata
985 2298 1192 2346 altitudi-

99 2381 237 2418 num,
257 2365 314 2412 ad
334 2381 449 2427 quas
468 2366 718 2412 constituta
736 2380 855 2427 aqua
883 2382 988 2412 cum
1014 2365 1189 2414 excessu

99 2432 282 2479 elateris
312 2432 428 2479 a'e'ris
456 2432 694 2494 compressi
723 2430 857 2493 supra
886 2435 1108 2479 elaterem
1129 2432 1189 2480 ad

96 2499 327 2546 orificium
385 2499 627 2547 resistentis
656 2499 990 2562 'aequilibrium
1042 2497 1189 2549 servat

89 2567 167 2622 (§.
192 2572 268 2628 38.
289 2570 320 2614 ).
997 2630 1000 2633 ψ

213 2635 809 2688 CoRoLARIUM
893 2632 1030 2688 III.

155 2726 235 2770 95.
273 2712 515 2771 Quoniam
553 2713 695 2759 elater
729 2710 847 2758 aeris
868 2711 1015 2776 magis
1048 2723 1179 2759 com-

84 2778 230 2840 pressi,
261 2777 398 2825 estad
426 2781 646 2826 elaterem
675 2778 826 2825 minus
848 2780 1102 2841 compressu
1128 2793 1179 2827 ut

83 2842 221 2892 massa
256 2845 375 2892 ae'ris
414 2845 562 2909 magis
595 2845 860 2908 compressi,
884 2844 944 2892 ad
988 2844 1173 2894 massam

82 2910 202 2959 aeris
229 2913 384 2960 minus
415 2913 654 2975 compressi
683 2911 762 2959 sub
782 2911 952 2959 eodem
974 2914 1173 2959 volumi-

82 2986 142 3025 ne
161 2977 250 3039 (5.
268 2985 345 3029 80.
365 2981 578 3041 Aerem.)
604 2996 616 3032 3
669 2979 700 3025 fi
727 2982 804 3026 ae‘r
832 2978 1094 3041 primitivus
1121 2980 1169 3029 in

79 3042 181 3093 vase
227 3058 479 3108 antequam
501 3046 852 3109 comprimitur,
887 3044 1165 3094 fueritidem

79 3125 185 3158 cum
227 3113 460 3161 exteriore
498 3110 558 3159 ad
610 3111 840 3160 orificium
881 3113 980 3159 tubi
1081 3129 1164 3176 per

77 3192 221 3240 quem
249 3194 370 3241 aqua
403 3179 582 3238 ejicitur
640 3178 895 3231 resistente,
973 3179 1041 3226 vis
1068 3194 1162 3242 qua

71 3257 192 3305 aqua
230 3245 411 3304 ejicitur
460 3244 523 3292 est
552 3259 604 3292 ut
627 3243 890 3292 differentia.
917 3243 1159 3297 massarum

66 3311 186 3359 aeris
221 3314 461 3375 compressi
491 3317 535 3358 &
564 3311 805 3376 primitivi.

143 3409 305 3479 Wffii
319 3408 465 3482 Oper.
485 3407 740 3466 Mathem.
764 3411 914 3466 Torn.
941 3398 1020 3467 11.

1532 361 2018 414 THEOREMA
2101 363 2303 418 XVII

1440 486 1532 549 96.
1579 486 1634 540 Si
1671 505 1801 560 aqua
1841 494 1900 540 vi
1945 494 2085 543 a'e'ris
2108 493 2454 565 compreffifi-

1357 565 1420 617 lit
1439 601 1455 625 ,
1491 564 1558 618 ad
1579 585 1683 618 eam
1724 568 2037 620 altitudinem
2058 573 2271 628 ascendit
2295 608 2313 633 ,
2384 576 2456 628 ad

1356 661 1501 713 quam
1533 646 1791 711 constituta
1826 665 1954 716 aqua
2002 667 2114 717 atqu
2101 649 2316 701 labriam
2340 651 2450 719 sr-

1353 737 1447 772 vat
1482 741 1588 774 cum
1624 721 1805 791 excelsu
1841 724 2036 776 clateris
2063 730 2192 776 a'e'ris
2220 732 2449 799 compreffi

1335 799 1488 870 fitpra
1540 802 1852 871 reſsstentiam
1913 807 2045 854 aeris
2097 805 2167 855 ad
2213 807 2446 868 orificium

1348 877 1472 930 tubi.

1537 956 2267 1011 DEMoNsTRATIO.

1421 1082 1675 1151 Quoniam
1726 1083 1854 1137 enim
1883 1101 2012 1156 aqua
2048 1084 2095 1137 vi
2141 1085 2265 1138 a’eris
2299 1104 2436 1142 com-

1341 1161 1478 1232 pressi
1498 1160 1667 1215 {alicus
1691 1180 1749 1215 ea
1767 1162 2014 1216 celeritate
2037 1163 2227 1230 ejicitur
2248 1202 2263 1226 2
2279 1182 2435 1237 quarn

1340 1241 1618 1311 acquireret
1649 1240 1878 1294 cadendo
1919 1259 2007 1312 per
2030 1240 2341 1296 altitudinem
2369 1242 2436 1298 ad

1338 1335 1489 1389 quam
1504 1319 1814 1371 constituitur
1829 1336 1959 1389 aqua
1981 1319 2311 1411 aequilibmrium
2337 1318 2428 1375 ser-

1340 1413 1458 1449 vans
1504 1415 1617 1449 cum
1664 1394 1856 1450 excessu
1901 1396 2096 1450 elateris
2134 1398 2256 1450 ae'ris
2291 1417 2426 1453 com-

1334 1474 1475 1546 pressi
1515 1470 1656 1548 supra
1691 1478 1926 1529 elaterem
1970 1476 2036 1528 ad
2080 1474 2325 1529 orificium
2355 1496 2427 1531 re-

1332 1552 1532 1608 fistentis
1579 1557 1745 1618 (§.92
1765 1558 1825 1618 )3
1891 1553 2012 1606 dum
2042 1554 2092 1605 vi
2119 1555 2242 1606 aeris
2281 1573 2423 1609 com-

1331 1631 1469 1702 pressi
1497 1647 1727 1704 urgetur,
1770 1631 1974 1704 perinde
2002 1632 2070 1684 est
2093 1648 2151 1683 ac
2185 1631 2219 1684 si
2253 1651 2342 1704 per
2367 1632 2420 1687 il-

1328 1709 1426 1765 lam
1468 1709 1779 1764 altitudinem
1811 1708 2144 1763 descendisiet.
2188 1710 2425 1766 Enimvee

1328 1806 1385 1842 ro
1412 1789 1444 1842 si
1465 1807 1555 1861 per
1590 1807 1699 1842 cam
1736 1785 2048 1850 ascendisset,
2102 1787 2163 1841 ad
2192 1789 2415 1843 altitudi-

1326 1886 1439 1920 nem
1505 1864 1663 1920 saliret
1740 1867 1811 1919 isti
1870 1866 2107 1938 aequalem
2158 1864 2245 1934 (ς.
2281 1879 2410 1932 322.

1321 1945 1624 2015 ,Mechan.).
1669 1943 1753 1999 Ad
1774 1962 1962 1998 tantam
1992 1940 2139 2017 igitur
2180 1946 2325 1998 etiam
2343 1942 2410 1999 sa-

1318 2024 1407 2077 lire
1449 2024 1604 2077 debet
1630 2063 1646 2087 ,
1686 2025 1808 2077 dum
1829 2024 1876 2077 vi
1901 2024 2024 2076 aeris
2050 2022 2407 2097 compressiim-

1315 2103 1531 2175 pellitur.
1583 2102 1771 2173 ζωαί.

1449 2232 2116 2287 CoaotLARIUM
2198 2229 2237 2284 Ι.

1375 2375 1452 2413 97.
1491 2359 1613 2425 Qiia
1635 2359 1682 2406 in
1715 2357 1848 2406 fonte
1870 2363 2101 2406 HfiRoms
2123 2358 2188 2405 vis
2211 2354 2393 2404 elastica
2429 2352 2543 2406 Tab.·

1302 2427 1420 2473 ae'ris
1456 2427 1504 2474 in
1545 2425 1644 2474 vase
1680 2430 1750 2474 PR
1790 2426 2029 2489 compressi
2072 2423 2386 2486 aequilibratur
2432 2428 2493 2471 II.

1302 2497 1527 2542 columnae
1562 2509 1689 2555 aquae
1729 2494 1776 2539 in
1809 2492 1928 2538 tubo
1957 2495 2035 2538 DL
2053 2502 2287 2538 contentae
2309 2494 2388 2546 (9.
2411 2493 2511 2554 fig.

1303 2561 1411 2618 89>‚·
1447 2576 1571 2627 aqua
1597 2577 1653 2606 ex
1671 2558 1838 2606 eodem
1861 2557 1958 2604 salit
1990 2556 2048 2604 ad
2089 2556 2386 2604 altitudinem
2408 2573 2487 2614 27.

1300 2623 1521 2689 aequalen
1562 2626 1800 2674 altitudini
1858 2624 2024 2672 orificii
2063 2626 2110 2671 D
2163 2640 2190 2673 a
2237 2623 2395 2672 libella

1296 2709 1425 2757 aquae
1446 2695 1493 2743 in
1518 2692 1617 2742 vase
1645 2697 1765 2761 HQ

1440 2813 2077 2867 CoRoLLARIUM
2159 2807 2237 2862 IL

1287 2994 1289 2996 ,
1358 2944 1436 2994 98.
1479 2938 1721 3006 Quoniam
1758 2936 2036 2985 tantundem
2056 2950 2183 2997 aquae
2201 2937 2284 2996 per
2300 2945 2372 2980 tua

1285 3000 1397 3052 bum
1432 3010 1513 3054 DL
1545 3005 1814 3058 descendit,
1867 3016 2093 3066 quantum
2132 3017 2214 3064 per
2243 2999 2371 3047 orisi-

1281 3072 1405 3120 cium
1426 3077 1464 3121 A
1489 3074 1703 3132 ejicitur,
1731 3070 1948 3132 adeoque
1976 3067 2175 3115 altitudo
2204 3065 2371 3114 orificii

1278 3140 1326 3184 D
1365 3139 1499 3204 supra
1530 3140 1732 3186 libellam
1764 3152 1891 3198 aquae
1930 3136 1977 3183 in
2008 3150 2078 3182 var
2068 3133 2107 3180 e
2135 3135 2371 3195 HQcon-

1276 3205 1413 3253 tinuo
1465 3203 1718 3255 decrescit,
1775 3201 1978 3250 altitudo
2013 3214 2206 3263 quoque
2230 3197 2371 3246 saltus

1270 3273 1498 3323 continuo
1518 3268 1753 3320 decrescit

1748 3405 1844 3475 Yy
2146 3400 2369 3460 Cotto-1
