2687 3754
281 197 399 250 240

278 319 333 376 ni
355 314 652 376 admiscetur
665 331 833 372 motus
859 313 1039 370 radens
1067 305 1382 366 elementaris

279 397 364 456 seu
386 400 738 454 instantaneus.

581 506 1073 560 SCHoLION.

318 598 343 639 9
354 600 374 644 3
386 598 429 638 9·
447 588 575 632 Hunc
595 596 757 630 motum
781 577 1018 634 distinetius
1034 572 1223 636 explicat
1238 571 1379 617 Lm*

280 667 457 700 Mnus
478 651 542 712 (a)
566 668 577 704 3
588 651 660 710 fed
679 667 754 697 nos
773 651 918 694 eodem
942 659 1051 690 nunc
1089 657 1168 687 non
1189 651 1375 686 utemur.

422 774 871 826 THEOREMA
957 756 1231 814 CCIII.

363 916 496 967 940.
540 896 908 968 Sifhperficies‚
952 907 1040 963 per
1065 907 1210 962 quam
1253 891 1378 940 ime«-

279 985 418 1036 ditur
435 1019 452 1043 2
479 978 830 1051 &jfitperficies
865 975 1102 1043 corporis,
1149 967 1275 1040 quod
1289 982 1377 1036 per

281 1063 420 1115 illam
457 1060 638 1112 incedit
658 1091 673 1115 ,
703 1053 908 1124 fuerint
949 1046 1111 1121 asperet
1130 1084 1143 1101 ,
1192 1046 1375 1116 fricilio

280 1145 455 1195 vritur.

452 1231 1198 1286 DEMONSTRAsio.

359 1305 500 1364 Cum
557 1305 690 1360 enim
740 1303 789 1354 in
838 1295 1094 1372 superficie
1150 1294 1375 1369 corporis

276 1386 429 1461 asperi
452 1384 728 1441 eminentiae
756 1385 807 1433 ὃς
834 1380 1070 1433 cavitates
1098 1378 1285 1448 ubique
1309 1375 1375 1429 al-

277 1483 534 1523 ternentur
557 1466 640 1535 (§.
669 1466 843 1528 933);
890 1456 924 1510 fi
958 1474 1062 1512 tam
1097 1453 1374 1529 superficies

277 1546 502 1619 corporis
520 1539 809 1600 incedentis,
836 1552 990 1610 quam
1016 1553 1095 1600 ea,
1121 1553 1208 1608 per
1220 1551 1373 1606 quam

279 1625 553 1686 inceditur,
601 1620 777 1692 alperae
815 1616 997 1670 fuerint
1034 1655 1050 1678 ,
1096 1612 1373 1669 eminentiae

277 1704 361 1759 vel
387 1700 492 1757 sunt
505 1703 632 1755 intra
650 1698 883 1752 cavitates
903 1693 1238 1766 deprimendae
1256 1730 1271 1755 ,
1295 1690 1376 1744 vel

278 1779 474 1858 prorsus
499 1776 801 1834 abradendae
828 1813 843 1837 ‚
868 1774 947 1826 vel
967 1773 1245 1826 eminentiae
1275 1770 1376 1823 uni-

279 1879 336 1918 us
379 1879 443 1914 ex
488 1855 789 1913 cavitatibus
824 1852 1022 1906 alterius
1070 1848 1373 1905 attollendae.

279 1940 382 2001 Sed
409 1938 527 1994 nihil
559 1954 735 1997 eorum
773 1931 874 1985 fieri
901 1931 1060 2003 potest
1077 1929 1174 1982 fine
1200 1943 1374 1991 motu,

281 2037 374 2074 nec
428 2033 595 2071 motus
643 2012 854 2086 produci
889 2009 987 2063 fine
1033 2010 1083 2062 vi
1130 2004 1372 2080 impreffa.

282 2098 375 2152 Vis
400 2097 547 2171 igitur
573 2133 587 2157 ,
631 2110 731 2164 qua
759 2107 939 2162 corpus
985 2103 1250 2149 movetur,
1293 2084 1375 2138 vel

281 2192 424 2239 tota,
479 2174 561 2228 vel
604 2191 664 2226 ex
703 2186 841 2243 parte
875 2168 947 2221 his
982 2165 1242 2220 effedtibus
1288 2163 1374 2216 im-

283 2252 550 2330 pendenda
582 2291 596 2308 ‚
661 2250 898 2320 adeoque
944 2246 1104 2300 motui
1150 2242 1376 2317 corporis

282 2332 545 2403 resistitur(
561 2339 611 2393 ς’.
631 2330 740 2399 20)
768 2367 782 2389 ,
826 2323 1185 2405 consequenter
1212 2322 1377 2377 frictio

281 2415 543 2478 oritur(§.
572 2412 740 2478 933).
792 2406 980 2479 Qad-

399 2538 1079 2604 'CORQLLARIUM
1181 2530 1219 2586 1.

355 2686 470 2731 941.
506 2673 618 2730 Quo
643 2665 897 2729 asperiores
930 2662 1088 2724 itaque
1106 2659 1209 2709 sunt
1227 2657 1378 2723 super-

287 2738 414 2790 ficies
432 2769 447 2792 ,
468 2753 526 2785 eo
550 2731 795 2783 resistentia
816 2734 980 2789 major.

558 2857 1009 2910 ScHotiou
1088 2844 1128 2899 1.

357 2976 469 3020 942.
506 2960 733 3024 Asperitas
776 2952 1014 3009 ‘estimanda
1052 2949 1108 3002 est
1143 2963 1225 2995 non
1258 2943 1380 2995 modo

287 3044 344 3077 ex
364 3046 538 3076 numero
573 3026 903 3074 eminentiarum
938 3016 1282 3064 abradendarum
1309 3015 1380 3061 vel

286 3099 685 3158 deprimendarum3
706 3107 858 3137 verum
879 3090 933 3136 (φ
959 3103 1012 3132 ex
1043 3083 1294 3144 difficultate
1308 3099 1380 3128 eas

289 3160 525 3210 abradendi
549 3163 620 3209 vel
639 3159 932 3222 deprimendi,
973 3170 1046 3217 nec
1083 3168 1164 3197 non
1193 3167 1247 3196 ex
1272 3150 1380 3196 mole

287 3233 544 3278 cavitatum.
568 3232 691 3278 Fieri
711 3241 892 3290 namque
901 3221 1056 3287 potest,
1072 3232 1122 3267 ut
1144 3220 1381 3266 eminentiae

332 3360 392 3410 (a)
419 3337 465 3403 fn
483 3359 695 3405 Miscellan.
714 3356 951 3401 Berolinens.
975 3364 1013 3405 ι».
1026 3362 1114 3403 312.
1127 3359 1204 3404 313.

629 172 1377 242 ·ELEMENTA
1458 169 2250 231 MECHANICAE.

1504 304 1596 352 aliae
1617 305 1777 351 minori
1800 306 1850 351 vi
1878 301 2174 357 abradantur,
2199 305 2271 351 vel
2286 299 2599 367 deprimantur,
2649 304 2661 307 ⁷

1502 373 1598 421 aliae
1619 384 1765 420 autem
1788 370 1952 430 nonnisi
1976 372 2135 433 majori
2161 374 2412 420 vincantur.

1618 489 2298 547 COROLLARIUM
2383 489 2470 543 II.

1572 633 1685 675 943·
1741 619 1784 665 Si
1831 632 2032 681 corpora
2077 614 2292 663 'frictione
2325 612 2599 673 continuata.

1500 686 1727 748 politiora
1763 685 1910 739 fiunt,
1958 680 2112 732 friffio
2141 683 2383 730 minuitur„

1723 805 2182 859 SCHoLioN
2252 801 2346 855 ΙΙ.

1544 892 1547 893 ⁷
1567 916 1678 964 944.
1702 906 1756 952 Id
1781 903 1912 967 ipfiam
1928 903 2199 966 experientia
2223 901 2444 963 clariffime
2457 897 2594 963 loqui*⁴

1497 977 1586 1016 tur.

1613 1039 2256 1093 COROLLARIUM
2342 1036 2472 1088 III.

1592 1180 1708 1223 945.
1747 1164 2018 1228 Superficies
2053 1161 2173 1210 adeo
2195 1162 2401 1227 partium
2434 1161 2482 1209 in
2498 1164 2595 1209 Ma*
2676 1152 2677 1158 ἵ

1497 1232 1675 1285 chinis‚
1714 1250 1814 1295 quae
1836 1231 1877 1279 se
1916 1245 2084 1278 mutuo
2106 1243 2339 1293 tangunt,
2366 1242 2595 1293 quantum

1495 1300 1595 1349 fieri
1626 1302 1803 1363 potest,
1843 1299 1984 1363 poliri
2002 1297 2188 1346 debent.

1595 1421 2270 1475 CoaoLLARIUM
2353 1412 2461 1471 IV.

1565 1557 1676 1609 946·
1714 1548 1953 1612 Quoniam
1999 1561 2158 1597 tamen
2194 1564 2365 1612 corpus
2411 1544 2590 1596 nullum

1495 1613 1616 1661 adeo
1651 1616 1791 1678 poliri
1814 1615 1963 1678 potest
1980 1650 1994 1670 ‚
2015 1630 2066 1663 ut
2085 1617 2242 1663 omnis
2263 1615 2479 1680 asperitas
2499 1614 2591 1662 tol-
2677 1621 2678 1638 ³

1495 1685 1640 1736 latur,
1691 1682 2011 1745 microscopiis
2056 1683 2244 1730 testibus
2262 1717 2276 1738 ‚
2327 1682 2590 1730 consultum
2677 1678 2678 1693 ³

1498 1748 1559 1795 est
1592 1749 1756 1811 (quod
1784 1756 1827 1796 &
1850 1749 2028 1796 dudum
2066 1751 2114 1798 in
2147 1750 2279 1813 praxi
2309 1747 2595 1813 receptum)
2649 1745 2654 1748 ⁵
2677 1757 2678 1780 ³

1497 1828 1549 1862 ut
1591 1830 1747 1879 partes
1792 1815 1835 1863 se
1867 1830 2035 1864 mutuo
2069 1830 2315 1880 tangentes
2353 1820 2464 1866 oleo
2510 1827 2592 1864 aut

1495 1883 1589 1931 alio
1616 1882 1823 1947 unguine
1854 1884 2110 1934 illinantur.

1614 1979 2104 2029 THEOREMA
2189 1974 2447 2030 CCIW

1574 2067 1706 2121 947.
1755 2055 1885 2108 Dum
1917 2057 2106 2128 pondus
2128 2061 2336 2127 corporis
2376 2054 2598 2109 inceden-

1494 2138 1562 2187 tis
1615 2135 1886 2206 upetficiem
1927 2142 2028 2205 ejus
2051 2136 2120 2186 ad
2137 2134 2471 2207 fhperfl'ciem‚
2505 2147 2595 2205 per

1494 2231 1639 2285 quam
1671 2215 1948 2275 mceditur,
1984 2218 2248 2287 apprimits
2278 2213 2463 2284 fric'ffio
2500 2230 2592 2266 aa*

1486 2307 1648 2363 getur.

1702 2372 2377 2426 DEMoNsTRATio.

1575 2448 1713 2501 Dum
1764 2450 1894 2501 enim
1942 2450 2139 2520 pondus
2192 2447 2414 2520 corporis
2460 2448 2591 2502 inte-

1497 2525 1658 2580 dentis
1695 2522 1996 2600 superficiem
2031 2530 2136 2595 ejus
2161 2527 2394 2599 apprimit
2415 2525 2480 2580 ad
2517 2523 2587 2580 su-

1497 2604 1748 2677 perficiem
1763 2624 1849 2678 per
1874 2624 2023 2678 quam
2045 2603 2591 2661 inceditur3eminentiae

1499 2684 1640 2737 unius
1653 2701 1796 2738 tanto
1818 2684 2114 2755 profundius
2135 2686 2181 2737 in
2204 2686 2444 2738 cavitates
2463 2684 2584 2736 alte-

1497 2762 1595 2816 rius
1619 2760 1920 2816 descendunt
1935 2802 1949 2826 ,
1963 2764 2196 2835 adeoque
2208 2763 2383 2832 majori
2403 2762 2454 2815 vi
2472 2761 2587 2816 inde

1495 2838 1650 2894 rursus
1677 2842 1970 2896 attolluntur
2003 2851 2085 2910 (ς.
2107 2843 2275 2912 26ς),
2321 2839 2403 2896 vel
2433 2836 2584 2893 etiam

1494 2919 1838 2992 deprimuntur
1883 2937 1969 2974 aut
2006 2919 2331 2975 abraduntur,
2416 2919 2586 2988 Major

1494 2999 1667 3071 itaque
1709 2999 1783 3051 vis
1811 3000 2073 3071 requiritur
2107 2999 2172 3053 ad
2202 2999 2307 3052 haec
2333 2995 2591 3052 obstacula

1492 3077 1735 3131 vincenda
1769 3117 1782 3139 ‚
1849 3095 1999 3149 quarn
2039 3077 2071 3131 si
2106 3094 2206 3131 non
2248 3076 2380 3132 adeo
2424 3073 2590 3129 valide

1497 3175 1678 3227 corpus
1717 3156 1951 3210 incedens
1991 3154 2370 3229 apprimeretur.
2431 3153 2589 3208 Unde

1500 3252 1639 3311 patet
1667 3275 1683 3299 ,
1733 3237 1875 3307 quod
1902 3234 2142 3309 appreffio
2168 3255 2233 3289 ex
2269 3234 2495 3309 pondere
2519 3229 2589 3285 su-

1500 3314 1863 3391 perincedentis
1882 3333 2065 3391 augeat
2090 3314 2404 3372 refistentiam
2431 3310 2589 3385 super-

2487 3385 2590 3446 fici-
