2687 3754
163 233 272 295 382

239 353 494 426 triangulo
557 352 707 407 ABL
761 349 825 404 ad
881 353 919 403 B
976 346 1265 420 refrangulo

156 438 166 490 Γ
237 432 308 502 (S.
341 438 471 498 188)
518 429 746 482 distantia
770 428 966 483 verticis
1007 425 1264 479 Parabolae

235 513 302 564 ab
337 509 478 562 initio
505 507 686 562 canalis
730 507 855 568 AL,
893 523 988 558 una
1016 522 1128 557 cum
1169 521 1263 557 axe

233 588 491 643 Parabolae
517 586 596 641 BL
644 588 723 656 (§.
747 594 835 652 36.
853 583 1052 656 Trigon-
1073 583 1110 650 ).

153 696 211 756 2.
258 683 515 737 Subducta
540 680 802 735 altitudine
828 676 1051 732 senionis
1077 678 1170 731 BC
1196 675 1261 730 ab

236 781 333 817 axe
360 761 617 815 Parabolae
644 761 727 811 BL
753 756 912 810 modo
939 756 1162 818 invent0‚
1195 773 1267 809 re-

156 879 158 882 ·
233 839 477 911 linquitur
505 840 613 893 CL.
693 835 853 890 Unde
889 834 1018 888 datis
1055 830 1264 887 abscissis

230 922 328 974 LC
356 924 407 973 ὃς
432 920 513 971 LB
539 915 779 988 reperitur
805 911 1265 966 semiordinatarum

234 1000 338 1052 CG
365 1000 520 1051 &BH
546 996 671 1047 ratio
701 998 779 1056 (§·
801 1004 929 1054 402.
947 989 1262 1063 Anal.fin.);

239 1094 350 1148 quae
391 1093 504 1128 cum
543 1073 818 1126 celeritates
865 1069 1145 1123 terminales
1179 1086 1265 1121 ex-

236 1155 453 1226 primant
473 1191 488 1215 ,
528 1151 731 1205 tandem
760 1166 972 1222 quoque

162 1265 211 1317 3.
255 1246 544 1303 Celeritatis
571 1242 745 1298 mediae
787 1241 852 1295 ad
885 1241 991 1297 illas
1023 1240 1154 1310 ,ratio
1195 1239 1267 1291 in-

237 1327 390 1380 veniri
414 1324 574 1398 potest
610 1321 699 1392 (ς.
726 1321 909 1392 238.).
960 1352 1097 1425 ἄρ’.

478 1483 825 1535 AXIOMA
911 1481 951 1530 Ι.

245 1654 375 1703 241.
423 1637 616 1691 Eadem
642 1643 702 1689 vi
721 1674 735 1698 ,
769 1655 862 1689 une
905 1635 1150 1706 eodemque
1171 1651 1269 1684 mo-

163 1738 320 1777 mento
338 1758 351 1775 ,
394 1721 565 1789 duplex
610 1732 763 1768 motus
782 1716 985 1786 produci
1011 1718 1192 1785 nequit.

234 1803 468 1845 Ponamus
489 1795 578 1840 vim
600 1806 752 1840 totam
774 1797 814 1838 A
840 1789 1050 1852 impendi
1081 1791 1125 1837 in
1147 1804 1274 1835 acce-

162 1863 359 1913 lerando
393 1875 528 1910 motu
562 1859 776 1923 corporis
798 1862 857 1911 B,
882 1857 980 1904 fieri
1015 1874 1113 1904 non
1137 1869 1275 1918 pote-

166 1933 252 1986 rit,
293 1944 344 1978 ut
368 1929 538 1977 eodem
568 1942 785 1989 tempore
804 1923 1105 1987 impendatur
1135 1926 1180 1968 in
1204 1938 1276 1968 ac-

169 1996 466 2047 celerandum
507 2011 690 2043 motum
720 1993 935 2056 corporis
972 1996 1027 2038 C.
1092 1993 1278 2051 Nempe

171 2065 203 2111 fi
226 2065 354 2111 simul
379 2078 486 2127 agat
508 2064 554 2109 in
581 2065 615 2108 Β
637 2068 677 2108 &
698 2063 754 2113 C,
783 2077 869 2122 pro
890 2071 1024 2122 parte
1046 2073 1137 2103 uua
1156 2057 1201 2102 in
1220 2059 1278 2109 Β,

172 2148 262 2194 pro
294 2134 439 2177 altera
466 2145 623 2177 autem
644 2129 690 2175 in
712 2130 752 2174 C
777 2126 887 2188 agit.
938 2125 1062 2171 Alias
1094 2122 1279 2170 effeetus

175 2197 303 2245 foret
344 2198 388 2244 vi
424 2201 597 2255 major:
649 2194 781 2257 quod
821 2193 992 2239 merito
1031 2190 1280 2238 absurdum

177 2265 393 2312 habetur.

447 2411 480 2463 S
513 2425 543 2461 c
577 2424 608 2460 H
639 2427 672 2461 o
700 2423 730 2459 L
762 2423 779 2463 1
807 2425 839 2460 o
871 2421 929 2459 N..

250 2583 363 2629 242.
413 2567 586 2615 Veritas
624 2565 750 2625 hujus
780 2565 1017 2611 axiomatis
1048 2575 1128 2625 per
1159 2574 1288 2624 expe-

181 2639 370 2685 rimenta
399 2633 704 2696 Hydroslatica
745 2630 1042 2690 confirmatur.
1115 2632 1289 2677 Etenim

179 2717 333 2766 corpus
351 2718 492 2763 grave
521 2704 565 2747 in
581 2700 718 2760 fluido
737 2698 926 2760 specifice
951 2700 1109 2745 leviori
1129 2698 1290 2755 descen-

181 2774 251 2819 dit
287 2766 447 2829 exceffit
480 2770 680 2829 ponderis
709 2766 776 2823 fui
805 2766 934 2829 supra
962 2768 1128 2828 pondus
1162 2763 1292 2824 fluidi

182 2838 294 2886 mole
327 2835 499 2897 aqualis
531 2835 613 2892 (AY.
636 2839 712 2882 88..
745 2832 1014 2895 Hydrost.);
1056 2835 1167 2896 quod
1199 2834 1291 2877 vim

174 2906 420 2967 gravitatis
470 2903 678 2965 reliquam
722 2904 941 2962 impendat
970 2904 1014 2947 in
1046 2901 1290 2962 preffionem

175 2971 307 3031 fluidi
342 2973 478 3018 motui
511 2970 742 3029 resistentis
790 2970 863 3025 (§.
900 2983 995 3022 114.
1031 2965 1290 3028 Hydros‘r.)

87 3049 94 3055 '
179 3041 572 3102 experimentorum
610 3036 807 3094 consensu.
884 3035 960 3083 Vis
1006 3038 1169 3094 igitur,
1207 3049 1290 3093 qua

172 3105 358 3166 fluidum
390 3104 626 3166 subjeilum
662 3104 912 3166 premitur,
951 3119 1032 3148 non
1054 3101 1181 3159 fimul
1211 3104 1291 3146 im-

170 3175 380 3237 penditur
405 3176 450 3220 in
486 3171 711 3230 descensum
731 3193 746 3224 ;
785 3187 859 3217 nec
892 3172 963 3216 vis
986 3206 999 3222 ,
1035 3185 1119 3229 qua
1150 3180 1290 3213 motus

177 3240 462 3298 deffendentis
487 3241 752 3286 acceleratur
771 3271 784 3289 ‚
822 3254 906 3284 una
938 3238 1202 3301 impenditur
1237 3236 1291 3280 ad

169 3310 453 3369 premendum
486 3324 641 3371 aquam
655 3304 906 3366 subjeeiam.

564 219 1215 277 ELEMENTA
1318 217 2178 276 HYDRAULICAE.

1533 351 1834 402 THEORE
1863 361 1953 398 MA
2015 345 2325 398 XXXVII.

1462 467 1591 521 243.
1651 454 1798 528 Aqua
1837 471 1928 526 per
1979 460 2194 509 canalem
2245 459 2482 510 declivem

1380 542 1573 587 ruentis
1599 537 1823 587 celeritas
1858 554 1951 585 mn
1988 552 2192 607 augetur
2219 535 2271 588 ob
2297 537 2482 605 preffio-

1380 632 1518 676 nem,
1561 633 1705 685 quam
1730 611 1934 682 inferior
1967 610 1999 666 ἆ
2005 610 2245 685 superiori
2257 613 2481 684 stistinet.

1571 741 2295 796 DEMoNsTRATIO.

1462 870 1713 921 Ponamus
1740 864 2039 921 celeritatem
2065 885 2208 941 aquae
2231 886 2319 941 per
2344 887 2483 923 cana-

1382 946 1479 1000 lem
1506 946 1753 1000 declivem
1779 946 1960 999 ruentis
1984 948 2160 1019 augeri
2194 947 2265 1000 ob
2289 946 2487 1020 preffio-

1382 1042 1494 1077 nem
1512 1063 1526 1087 2
1552 1042 1703 1096 quam
1727 1022 1933 1077 inferior
1957 1021 1984 1076 a
2008 1021 2241 1096 superiori
2266 1023 2483 1090 sustinet,

1381 1103 1448 1156 ita
1473 1117 1527 1156 ut
1552 1101 1755 1157 inferior
1779 1102 1987 1155 celerior
2014 1118 2308 1168 moveatur,
2336 1122 2487 1177 quam

1384 1181 1431 1234 vi
1463 1177 1717 1236 descensus
1759 1198 1850 1252 per
1884 1180 2084 1235 declive
2116 1181 2370 1254 acquisivit
2405 1188 2482 1246 (S.

1388 1268 1515 1321 284.
1533 1259 1776 1313 Methan.
1794 1258 1832 1327 ).
1917 1261 2173 1329 Quoniam
2207 1276 2374 1315 motus
2399 1280 2488 1333 per

1384 1339 1577 1393 declive
1625 1335 1965 1391 descendentis
1998 1339 2300 1393 acceleratur
2329 1342 2490 1412 gravi-

1385 1433 1486 1471 tate
1531 1413 1834 1489 respediiva,
1889 1435 2001 1488 pars
2044 1435 2167 1470 vero
2207 1418 2398 1491 reliqua
2441 1419 2488 1470 in

1385 1496 1631 1549 adrionem
1675 1496 1722 1548 in
1753 1493 1962 1548 fundum
2006 1494 2314 1568 impenditur
2345 1497 2491 1550 decli-

1386 1593 1499 1628 vem
1542 1577 1622 1647 (§·
1657 1585 1785 1633 261.
1816 1574 1992 1627 Mech.
2017 1572 2038 1642 )
2067 1595 2081 1631 3
2131 1592 2217 1630 aut
2259 1576 2333 1628 vis
2368 1576 2447 1628 illa
2474 1615 2487 1632 ‚

1387 1671 1486 1726 qua
1518 1653 1681 1725 agitur
1705 1653 1754 1704 in
1784 1651 1987 1723 planum
2014 1653 2333 1711 inclinatum,
2354 1653 2492 1708 simul

1389 1731 1608 1804 impendi
1657 1731 1865 1784 deberet
1913 1730 1978 1784 ad
2028 1729 2310 1786 descensum
2342 1772 2357 1796 ,
2409 1748 2494 1786 aut

1391 1814 1462 1864 vis
1494 1849 1507 1872 ,
1535 1828 1634 1881 qua
1674 1809 1976 1863 acceleratur
2001 1827 2169 1864 motus
2196 1808 2496 1865 descenden-

1390 1894 1452 1946 tis
1479 1930 1493 1954 ,
1540 1889 1680 1942 timul
1722 1887 2058 1961 impendenda
2103 1886 2220 1943 esset
2271 1888 2497 1963 preffioni

1390 1983 1532 2043 aquae
1565 1965 1813 2036 subjectas.
1843 1990 1845 1994 ’
1901 1967 2160 2040 Qicquid
2192 1969 2372 2022 horum
2414 1986 2497 2021 ac—

1394 2049 1528 2104 cidat
1557 2087 1570 2111 ‚
1620 2045 1798 2100 eadem
1837 2049 1908 2100 vis
1948 2045 2130 2099 eodem
2167 2061 2397 2118 tempore
2446 2045 2494 2098 in

1393 2127 1645 2201 duplicem
1679 2124 1909 2179 effectum
1945 2123 2166 2195 impendi
2192 2123 2349 2180 debet
2369 2165 2381 2187 ‚
2412 2122 2493 2177 seu

1396 2207 1579 2278 duplex
1607 2221 1776 2258 motus
1803 2203 1978 2257 eadem
2004 2203 2052 2255 vi
2075 2201 2255 2257 eodem
2272 2220 2499 2275 tempore

1397 2284 1714 2360 producitur:
1738 2283 1789 2336 id
1809 2282 1949 2355 quod
1970 2278 2241 2336 absurdum
2267 2279 2500 2353 (§.241).

1402 2365 1468 2434 Q
1494 2387 1533 2419 e.
1559 2366 1607 2416 d.
1874 2397 1883 2405 »

1665 2468 2118 2520 ScHoL10N
2187 2466 2229 2518 Ι.

1473 2584 1578 2628 244.
1626 2566 1723 2615 Alii
1769 2570 1836 2614 ita
1878 2565 2103 2620 adstruunt
2137 2565 2374 2610 veritatem
2405 2574 2508 2624 pro-
2530 2567 2636 2615 Tab.

1966 2635 2012 2679 Si
2049 2647 2163 2694 aqua
2199 2634 2246 2677 in
2271 2632 2306 2675 B
2347 2644 2509 2677 omnem
2531 2637 2651 2681 VIII.

1397 2635 1623 2699 positionis
1662 2633 1895 2696 praesentis.

1404 2701 1534 2750 habet
1553 2703 1819 2749 celeritatem
1835 2733 1849 2752 ,
1878 2715 2006 2763 quam
2030 2697 2212 2757 descensu
2234 2710 2313 2760 per
2332 2697 2509 2760 planum
2534 2703 2633 2761 fig,

1404 2770 1659 2818 inclinatum
1686 2770 1787 2820 AB,
1825 2765 2056 2830 acquisivit
2071 2798 2086 2818 ‚
2108 2782 2158 2812 ea
2177 2764 2234 2819 est
2249 2797 2264 2817 ,
2296 2780 2425 2828 quam
2444 2780 2511 2809 ca·
2553 2781 2628 2828 79,

1406 2840 1538 2884 dendo
1566 2835 1980 2899 perpendiculariter
2013 2831 2068 2878 ab
2088 2834 2232 2880 eodem
2258 2833 2444 2878 termino
2472 2833 2513 2874 A

1354 2952 1357 2980 ι
1407 2908 1461 2951 ad
1493 2907 1666 2951 eandem
1702 2900 2023 2952 horizontalem
2043 2901 2153 2952 DB,
2176 2911 2321 2962 nempe
2346 2910 2427 2960 per
2451 2895 2515 2942 al-

1354 2986 1357 3000 ¹
1408 2975 1638 3020 titudinem
1667 2972 1754 3016 AD
1781 2969 1851 3015 vel
1886 2970 1952 3012 BF
1988 2964 2251 3030 aquisiviffiet
2303 2967 2378 3020 (ἓ.
2406 2979 2513 3022 303.

1353 3006 1358 3093 1
1412 3039 1607 3090 Mech.).
1649 3044 1866 3084 Ponamus
1888 3035 1983 3095 jam
2010 3049 2126 3096 aqua
2154 3033 2188 3077 B
2220 3045 2382 3078 motum
2417 3046 2519 3090 quo-

1410 3124 1490 3170 que
1521 3106 1753 3152 accelerari
1783 3101 1834 3151 ob
1855 3103 2133 3148 altitudinem
2154 3096 2441 3146 incumbentis
2450 3095 2519 3154 su·-

1408 3176 1628 3239 perioris:
1668 3174 1755 3218 erit
1800 3186 1899 3231 ergo
1935 3167 2075 3228 major
2115 3166 2347 3217 celeritas,
2393 3178 2522 3227 quam

1348 3280 1352 3293 ,-
1407 3240 1826 3305 perpendiculariter
1861 3235 2297 3296 cadendoacquirere
2317 3242 2509 3294 poterat.

1412 3312 1490 3356 Sed
1537 3312 1611 3353 hoc
1646 3307 1866 3363 absurdum
1908 3301 2188 3356 existimant,
2239 3309 2332 3345 cu'm
2374 3295 2523 3356 fluxus

1332 3427 1335 3430 Α
1411 3393 1526 3440 aqua
1549 3375 1606 3434 sit
1640 3371 1812 3433 effestus
1837 3370 2080 3434 gravitatis
2106 3399 2117 3417 ‚
2156 3382 2242 3428 quse
2283 3369 2326 3411 in
2363 3365 2523 3421 descen-

2426 3429 2518 3485 stim
