2687 3754
280 208 398 268 272
627 196 1287 279 ELEMENTA
1366 195 2379 259 HYDROSTATICAE.

280 348 369 405 pes
407 324 615 384 cubicus
654 345 782 382 unus
806 367 822 390 ,
863 329 929 383 ad
963 328 1197 384 volumen
1235 330 1390 403 partis

279 406 632 481 immergendae
673 409 758 478 (5.
786 413 930 474 9433
975 408 1131 462 tribus
1167 409 1387 462 terminis

280 487 332 542 in
367 487 600 560 analogia
631 486 792 549 datis,
823 508 910 559 per
941 487 1128 559 hypoth.
1178 503 1385 559 quartus

276 585 369 642 per
409 565 656 639 Regulam
683 565 830 618 trium
861 565 1124 619 invenitur.

342 697 394 745 E.
418 711 487 760 gr.
535 692 602 739 Sit
628 692 830 757 gravitas
851 691 1068 754 corporis
1097 707 1225 754 3000
1247 691 1384 739 libra-³

224 777 226 779 ·
280 778 425 811 rum:
476 760 588 822 quia
623 776 705 823 pes
750 758 944 805 cubi-cus
977 773 1106 819 aquae
1142 757 1205 806 est
1247 758 1385 805 libra-

278 845 383 878 rum
412 847 472 883 70
493 827 572 885 (55.
588 834 650 880 64
663 832 690 878 >‚
722 825 979 886 reperietur
995 828 1218 872 volumen
1239 826 1384 887 partis

278 891 610 958 immergendae
645 891 820 955 pedum
848 890 1124 938 cubicorum
1158 893 1269 958 422,

472 1053 933 1105 PROBLEMA
1019 1052 1186 1106 XHL

364 1216 490 1269 106.
559 1207 712 1264 Datis
738 1214 999 1282 gravitate
1038 1208 1099 1269 όν
1135 1211 1386 1263 volumine

263 1291 416 1365 so'lidi
444 1291 646 1363 specifice
682 1291 1040 1351 levioris,una
1075 1309 1180 1343 cum
1209 1293 1389 1361 gravi-

277 1387 381 1426 tate
392 1370 548 1440 fluidi
574 1369 788 1440 specifice
812 1372 1073 1439 gravioris
1096 1405 1110 1428 ,
1161 1375 1387 1421 invenzre

277 1454 415 1509 vim,
449 1466 545 1520 qua
575 1446 702 1501 illud
724 1445 820 1518 βψ
855 1446 942 1501 hoc
970 1446 1228 1518 demeJfitm
1263 1450 1389 1501 deti-

277 1542 437 1581 netur.

550 1678 1076 1736 ResoLUTIQ

357 1836 614 1909 Qoniam
641 1835 716 1890 vis
751 1837 836 1891 ista
875 1839 1077 1909 aequalis
1113 1839 1182 1892 est
1222 1831 1385 1892 exces-

275 1914 344 1971 sui
384 1915 619 1988 ponderis
654 1916 791 1969 fluidi
825 1913 912 1969 sub
950 1919 1134 1970 eodem
1170 1918 1381 1971 volumi-

277 2011 339 2048 ne
363 2033 377 2057 ,
426 1993 571 2067 quod
606 1993 762 2048 habet
793 1991 1004 2048 solidum
1049 1993 1382 2060 submersum,

271 2069 416 2146 supra
440 2071 640 2146 pondus
670 2073 814 2141 hujus
857 2073 938 2142 (S.
959 2073 1095 2143 99),

281 2233 329 2276 1.
360 2220 435 2272 Ex
467 2216 594 2271 datis
618 2217 873 2270 volumine
901 2210 1043 2272 solidi
1064 2221 1135 2280 ,δέ
1170 2214 1385 2291 gravita-

352 2312 404 2350 te
441 2296 583 2348 unius
623 2296 764 2366 pedis
788 2295 952 2349 cubici
992 2315 1135 2368 aquae
1164 2315 1382 2369 ,quaera-

351 2390 434 2429 tur
453 2392 537 2447 per
559 2374 803 2446 Regulam
830 2375 977 2427 trium
1003 2375 1221 2447 gravitas
1241 2377 1380 2430 fluidi

352 2451 444 2509 sub
468 2452 645 2526 aequali
680 2452 953 2508 volumine.

278 2593 336 2642 2.
380 2581 505 2636 Inde
539 2579 851 2636 subtrahatur
876 2581 1076 2655 pondus
1112 2579 1285 2637 solidi:
1311 2583 1379 2638 ita

358 2660 692 2715 nimirumwis
732 2661 928 2734 quaefita
962 2662 1288 2733 relinquetur.

273 2786 325 2836 E.
360 2803 428 2851 gr.
461 2788 719 2854 Qaeritur,
751 2804 845 2852 qua
877 2790 920 2836 vi
950 2803 1072 2853 opus
1100 2790 1152 2837 fit
1180 2791 1239 2839 ad
1276 2809 1380 2841 cor-

273 2870 362 2918 pus
403 2871 493 2902 100
527 2856 780 2910 librarum,
815 2859 943 2914 cujus
977 2860 1201 2906 volumen
1237 2865 1261 2909 8
1300 2877 1379 2923 pe-

271 2921 411 2975 dum,
434 2921 514 2969 sub
535 2924 666 2986 aquis
685 2922 1010 2971 detinendum.
1033 2926 1273 2985 Qioniam
1295 2944 1377 2991 pes

271 2988 462 3036 cubicus
506 3005 634 3053 aquae
668 2991 732 3038 est
768 3007 831 3048 70
869 2990 1091 3038 librarum
1131 2992 1216 3050 (AY.
1247 2996 1373 3055 64);

270 3054 461 3118 pondus
489 3071 616 3119 aquae
645 3056 728 3105 sub
761 3059 1001 3107 volumine
1033 3061 1058 3107 '8
1104 3059 1277 3121 pedum
1312 3063 1375 3111 est

274 3128 386 3179 560.
408 3122 546 3171 Unde
566 3127 595 3173 fi
615 3124 894 3173 subducatur
915 3125 1102 3187 pondus
1115 3121 1248 3173 solidi
1270 3145 1372 3182 100,

269 3188 548 3251 relinquitur
570 3193 636 3241 vis
667 3191 729 3239 ad
748 3191 1052 3243 detinendum
1070 3190 1273 3241 solidum
1291 3193 1374 3244 sub

272 3267 396 3319 aqua
415 3265 510 3313 460
544 3259 786 3310 librarum.

1721 330 2408 387 CokoLLAkttrM.

1579 470 1692 514 107.
1741 457 1982 523 Qoniam
2023 473 2195 520 corpus
2226 456 2432 524 specifice
2466 461 2610 509 levius

1506 523 1671 572 eadem
1694 525 1738 572 vi
1770 525 1972 571 ascendit
2000 525 2046 573 in
2072 526 2219 573 fluido
2239 527 2442 590 graviori
2464 561 2479 580 ,
2520 542 2612 590 qua

1504 591 1564 638 ad
1588 589 1817 639 ascensum
1849 595 1946 650 ejus
1981 593 2367 654 impediendum,
2402 610 2522 656 opus
2550 594 2613 642 est

1504 658 1585 717 (5.
1603 675 1682 718 75.
1707 660 1915 707 Alechcm.
1933 659 1981 719 );
2024 675 2106 720 per
2132 659 2322 722 praesens
2363 659 2610 707 Problema

1503 726 1739 773 invenitur
1770 741 1964 788 quoque
1984 726 2048 770 vis
2064 758 2078 778 ‚
2107 743 2199 787 qua
2221 725 2419 773 solidum
2440 725 2608 789 specifie

1503 802 1556 839 ce
1585 792 1738 840 levius
1763 793 1812 840 in
1841 792 1988 839 fluido
2013 794 2220 854 graviori
2246 792 2463 841 ascendit.

1716 911 2151 965 PRoBLEMA
2233 909 2421 965 XIV.

1592 1050 1717 1098 108.
1778 1042 2151 1111 Instrumentum
2187 1041 2453 1104 construere
2475 1077 2490 1100 ,
2523 1045 2636 1112 quo*

1503 1122 1752 1189 explorare
1785 1122 1898 1171 licet
1918 1154 1932 1179 ‚
1976 1133 2212 1189 quantum
2227 1122 2357 1188 salis
2395 1123 2450 1171 in
2484 1137 2613 1191 aqua

1503 1198 1623 1250 data
1662 1205 1985 1250 contineatur.

1797 1326 2348 1379 Resorumo.

1513 1468 1559 1513 Ι.
1613 1453 1687 1508 Ex
1718 1451 1855 1506 tenui
1885 1450 2065 1504 lamina
2090 1465 2274 1524 cuprea
2299 1453 2608 1508 construatur
2628 1463 2678 1526 Flj

1582 1533 1767 1606 globus
1804 1530 1891 1583 ΑΒ
1928 1548 2039 1582 cum
2066 1532 2192 1583 tubo
2230 1534 2321 1586 BC
2348 1535 2452 1601 ejus
2480 1533 2607 1586 cavi·
2647 1546 2665 1581 1

1582 1611 1696 1665 tatis
1723 1648 1738 1672 ,
1776 1627 1840 1662 ne
1882 1610 1931 1661 in
1974 1626 2107 1681 aqua
2145 1628 2268 1682 pura
2311 1628 2448 1666 totus
2490 1629 2613 1664 mer-

1583 1706 1745 1762 gatur.

1507 1788 1559 1835 2.
1608 1772 1831 1829 Granula
1857 1773 2092 1844 plumbea
2120 1774 2282 1845 giobo
2314 1773 2400 1826 ΑΒ
2443 1773 2612 1828 ἰηάειηἦ

1585 1870 1665 1907 tur
1683 1893 1697 1916 ,
1723 1854 1889 1906 donec
1913 1853 2287 1905 instrumentum
2308 1854 2355 1905 in
2380 1852 2431 1904 D
2461 1852 2610 1926 usque

1583 1934 1921 2003 immergatur.

1506 2045 1555 2096 3.
1620 2029 1822 2081 Pondus:
1861 2026 2014 2080 totius
2051 2037 2230 2097 aquae,
2277 2026 2323 2079 in
2351 2043 2450 2098 qua
2488 2045 2614 2081 mer·

1580 2108 1742 2181 gitur,
1777 2106 2028 2159 dividatur
2052 2123 2139 2177 per
2171 2119 2275 2168 99:
2326 2123 2510 2177 quotus
2544 2107 2613 2158 in-

1579 2186 1800 2246 dicabit,
1828 2201 2068 2257 quantum
2111 2180 2217 2235 salis
2258 2183 2312 2236 fit
2341 2187 2387 2236 in
2431 2202 2488 2237 ea
2518 2181 2610 2237 dis-

1581 2264 1873 2319 solvendum
1891 2303 1904 2326 ‚
1934 2279 1986 2315 ut
2008 2280 2205 2335 partem
2230 2265 2469 2334 ponderis
2498 2280 2607 2316 cens

1578 2343 1798 2398 tesimam
1834 2339 2078 2396 absolvat.

1502 2459 1554 2507 4.
1590 2446 1857 2517 Postquam
1887 2442 2037 2516 igitur
2055 2457 2246 2496 tantum
2266 2438 2372 2494 salis
2399 2440 2446 2494 in
2473 2454 2604 2514 aqua

1581 2523 1726 2576 fuerit
1761 2521 2076 2583 diffolutum‚
2120 2522 2491 2574 instrumentum
2518 2522 2605 2573 dc-

1581 2620 1684 2655 nuo
1705 2603 1751 2654 in
1767 2620 1825 2656 ea
1848 2617 2116 2673 mergatur,
2133 2615 2442 2671 noteturque
2457 2617 2604 2670 punc*

1581 2696 1687 2734 tum
1735 2684 1776 2734 E
1803 2719 1817 2741 ,
1868 2679 2009 2752 quod
2054 2679 2206 2732 haeret
2257 2674 2305 2730 in
2350 2674 2604 2749 superficie

1580 2776 1722 2830 aquae
1749 2756 1889 2812 salsae.
1971 2758 2046 2810 Ita
2078 2756 2307 2809 nimirum
2357 2755 2602 2808 constabit

1582 2838 1820 2890 terminus
1845 2833 2165 2889 immersionis
2199 2835 2247 2886 in
2289 2851 2419 2906 aqua
2442 2872 2456 2895 ‚
2493 2849 2605 2905 quae

1581 2913 1669 2969 sub
1699 2914 1954 2969 volumine
2001 2929 2108 2970 100
2145 2913 2384 2966 librarum
2413 2910 2517 2983 sat-lis
2553 2910 2606 2964 li·

1584 2996 1726 3050 bram
1769 3013 1917 3049 unam
1953 2989 2350 3065 comprehendit.

1509 3108 1555 3161 5.
1607 3089 1804 3159 Quodsi
1851 3087 2034 3143 eodem
2092 3085 2250 3141 modo
2293 3084 2606 3140 inveniantur

1581 3170 1762 3241 puncta
1795 3168 1890 3222 alia
1929 3171 1995 3230 F,
2024 3168 2074 3220 G
2102 3169 2197 3220 &a
2239 3182 2348 3237 quae
2385 3164 2606 3217 indicent

1578 3247 1817 3301 terminos
1848 3243 2168 3300 immersionis
2210 3245 2261 3297 in
2303 3260 2435 3316 aqua
2462 3281 2476 3299 ,
2514 3238 2605 3295 sub

1577 3326 1832 3382 volumine
1862 3341 1970 3384 100
2004 3323 2264 3387 librarum,
2290 3321 2414 3378 duas
2431 3359 2449 3386 ,
2476 3336 2603 3382 tres,

2482 3413 2605 3471 qua·
