2646 3759
184 217 226 264 z
696 178 1959 258 PRAEFATIO.

185 340 532 433 Qoniam
587 359 805 407 tamen
849 339 1040 410 nobis
1098 337 1520 409 constitutum
1577 335 1696 412 est,
1745 335 2114 408 Matheseos
2170 334 2502 411 Elementa

190 450 338 519 dare
394 472 529 516 non
578 440 788 512 modo
847 443 925 512 ad
970 443 1152 513 usum
1210 442 1353 513 vitae
1396 441 1697 510 humanae
1735 442 1838 512 sed
1888 444 1956 511 δε
2001 439 2080 512 ad
2124 442 2498 535 profectum

192 549 655 634 Scientiarum‚
738 545 1002 641 Physcae
1053 543 1387 640 praesertim
1458 542 1897 617 sufficientia·
1857 601 1875 633 ‚
1932 537 2082 615 ideo
2129 543 2500 615 consultum
2554 582 2555 585 ¹

191 653 533 729 duximus,
601 672 672 718 ut
733 646 809 719 de
868 648 935 718 iis
985 674 1255 746 quoque
1319 653 1796 726 tractaremus,
1864 675 2007 746 quae
2053 647 2134 719 ad
2190 638 2500 719 illustran-

189 757 346 827 dam
405 765 627 826 Motus
676 752 1043 824 doctrinam
1100 752 1411 823 haetenus
1467 751 1741 824 inventa.
1852 759 2007 822 Haec
2059 751 2235 823 enim
2290 751 2499 820 neces-

187 860 334 930 saria
394 860 531 928 sunt
587 855 665 926 ad
723 865 982 927 Naturoe
1035 854 1490 954 cognitionem
1520 908 1536 932 ,
1577 878 1648 925 ut
1699 856 1825 926 fine
1875 854 1945 924 iis
2001 879 2165 925 certa
2216 850 2496 926 obtineri

190 988 531 1076 nunquam
579 960 794 1053 potiit,
854 986 1005 1030 cum
1058 960 1122 1028 in
1164 966 1367 1029 Motu
1419 956 1854 1052 plurimorum
1907 955 2500 1029 Phaenomenorum

189 1066 355 1136 ratio
400 1062 817 1135 contineatur.
933 1070 1212 1158 Ipsarum
1269 1087 1424 1132 vero
1473 1060 1669 1133 etiam
1726 1061 2180 1134 Machinarum
2221 1060 2504 1131 conside-

191 1168 356 1239 ratio
406 1162 674 1236 minime
724 1166 1106 1266 negligenda
1165 1166 1246 1237 ab
1308 1190 1433 1241 eo,
1499 1166 1612 1262 qui
1666 1193 1820 1237 cum
1885 1163 2137 1235 laude
2121 1190 2186 1232 1n
2236 1161 2501 1261 Phyficis

190 1266 543 1368 aliquando
612 1271 1018 1345 versaturus,
1116 1297 1269 1339 cum
1327 1274 1558 1337 Motus
1623 1295 1981 1363 corporum
2040 1265 2501 1364 organicorum

189 1373 526 1467 explicatio
584 1376 800 1445 trustra
854 1374 979 1444 line
1041 1372 1135 1443 his
1201 1371 1515 1469 principiis
1587 1397 1887 1444 tentetur.
1997 1377 2263 1460 Qanta
2312 1368 2500 1439 felici·
2569 1443 2572 1445 ,

189 1476 340 1548 tatis
385 1475 682 1545 humanae
732 1504 869 1572 pars
913 1485 1231 1549 Motuum
1288 1475 1572 1546 Scientiae
1620 1477 2109 1572 superstruatur,
2166 1472 2499 1568 Experien-

186 1579 274 1651 tia
327 1578 648 1651 clariffime
706 1579 1014 1679 loquitur.
1128 1580 1299 1651 Huic
1357 1580 1534 1650 enim
1588 1604 1925 1674 acceptum
1972 1577 2276 1651 ferimus,
2315 1575 2499 1672 quod

187 1684 460 1797 pecudes
526 1689 595 1753 &
648 1710 923 1780 corpora
966 1685 1317 1755 inanimata
1362 1706 1708 1780 peragant,
1768 1709 1910 1778 quae
1959 1707 2080 1750 nos
2132 1681 2353 1750 necess
2359 1704 2502 1750 tatr-

188 1785 312 1856 bus
362 1787 505 1858 vitre
553 1786 851 1858 humanae
890 1787 1144 1884 impulsl
1196 1813 1334 1857 non
1382 1787 1510 1855 fine
1559 1787 1852 1858 maximo
1898 1785 2131 1854 sudore
2180 1808 2500 1882 peragere-

191 1914 358 1958 mus.
469 1898 634 1958 Eum
687 1890 879 1987 igitur
926 1893 990 1960 in
1044 1891 1246 1960 finem
1294 1915 1432 1960 non
1497 1889 1710 1959 solum
1764 1887 2220 1958 Machinarum
2270 1884 2500 1981 fimpli-

190 1990 365 2062 cium
402 1993 624 2089 (quod
681 1989 886 2091 vulgo
939 1993 1068 2064 fieri
1126 1990 1336 2081 solet)
1395 1993 1713 2063 rationem
1757 2017 2030 2062 omnem
2086 1988 2350 2059 fideliter
2402 1991 2516 2059 ex->

186 2095 421 2190 posui3
506 2119 731 2165 verum
796 2096 992 2168 etiam
1055 2096 1204 2166 hinc
1269 2094 1418 2164 inde
1472 2095 1833 2172 annotavi,
1917 2121 2061 2192 quae
2138 2093 2219 2164 ad
2277 2118 2501 2162 earum

192 2198 742 2268 constructionem
798 2197 952 2270 scitu
1017 2197 1343 2270 necessaria
1398 2199 1572 2274 sunt,
1618 2203 1688 2270 &
1737 2198 2153 2269 desideratam
2190 2196 2502 2266 hactenus

195 2299 262 2369 in
328 2301 677 2370 istiusmodi
717 2302 1062 2374 Elementia
1106 2300 1563 2374 tractationem
1622 2303 1702 2371 de
1752 2300 2190 2374 Potentiarum
2245 2299 2326 2370 ad
2360 2305 2498 2368 Ma-

191 2402 409 2474 chinas
460 2403 880 2498 applicatione
935 2406 1166 2477 addidi.
1282 2411 1474 2518 Qos
1517 2431 1731 2475 rerum
1762 2403 2152 2474 naturalium
2197 2401 2498 2500 cognitio

194 2533 425 2602 parum
479 2509 697 2602 juvat,
771 2509 869 2578 his
917 2510 1058 2580 solis
1116 2507 1410 2580 contenti
1460 2508 1765 2623 praeterire
1825 2505 2080 2603 poffunt
2128 2514 2359 2578 Motus
2402 2530 2498 2575 re-

192 2610 423 2707 gulas:
471 2610 921 2682 Machinarum
971 2615 1145 2685 enim
1201 2612 1376 2682 Vires
1426 2611 1614 2682 fine
1599 2614 1668 2682 1is
1728 2610 2109 2708 plerumque
2162 2606 2346 2704 plene
2403 2607 2502 2677 in-

195 2712 504 2812 telligent.
618 2716 935 2804 Qamvis
992 2745 1148 2789 vero
1199 2713 1496 2786 nonnulli
1553 2714 1852 2787 Staticam
1905 2741 1941 2784 a
1986 2707 2364 2785 Mechanica
2412 2711 2500 2783 se-

194 2818 512 2915 jungant3
566 2825 713 2886 conl
700 2813 913 2889 {ultius
959 2845 1178 2892 tamen
1223 2817 1427 2893 visum
1477 2820 1596 2890 fuit
1660 2819 1905 2887 sororio
1958 2817 2221 2891 vinculo
2264 2840 2500 2884 utram-

197 2946 323 3016 que
367 2923 714 2997 connecti,
772 2949 924 2994 cum
976 2924 1058 2997 ita
1110 2924 1690 2997 demonstrationes
1741 2948 1908 2993 nexu
1958 2918 2296 3019 pulchriori
2348 2942 2500 2988 con-

199 3047 482 3094 catenare
537 3022 764 3096 liceret,

2021 3341 2491 3409 ELEMEN-
