2687 3754
121 196 349 272 Capyn.
367 196 463 250 DE
486 192 766 250 CALoRE
792 191 891 248 AC
917 190 1094 246 FRIG.
1116 192 1284 253 ORE,
1312 187 1645 244 HUMIDIT.
1671 187 1772 244 AC
1794 188 2045 247 SICCIT.
2071 185 2278 244 AERIS.
2301 196 2413 253 327

122 328 199 373 nix
219 325 273 372 Θ
290 324 450 384 glacies
479 324 532 367 ad
555 321 780 383 pristinum
794 317 1036 379 fluiditatis
1052 316 1214 371 statum
1273 371 1276 387 ,γ
1326 318 1648 371 huntec‘i‘atum
1670 336 1775 369 cuin
1800 318 1991 389 appenso
2009 320 2212 388 penden-
2225 317 2414 388 ffispen-

122 388 434 438 reducebantur
465 420 480 439 ³
509 387 668 450 spirim
707 389 760 432 ad
800 390 958 446 72⁵³um
1009 381 1210 431 haerebat·
1270 390 1276 467 Ι
1326 398 1437 455 dit,
1480 414 1675 465 eumque
1711 410 1799 465 pro
1842 401 2028 448 ratione
2086 397 2411 464 exstccationis

121 457 292 503 Scilicet
328 457 382 501 ad
412 455 586 500 eundem
608 452 755 515 sapius
781 453 966 513 gradum
1006 448 1212 512 depressus

123 525 315 570 cernitur
334 521 474 583 liquor
494 551 508 571 ,
542 535 634 565 cum
655 531 797 564 tamon
824 518 1100 563 Phanomena
1122 516 1209 562 alia

123 587 419 646 diversitatem
448 586 601 632 caloris
638 601 686 630 ac
698 584 881 644 frigoris
905 582 1106 643 insignem
1121 598 1212 628 ma-

123 653 272 714 nifesto
288 654 491 715 prodant.
565 654 656 697 Imo
676 653 890 696 interdum
917 650 1110 710 depressio
1123 647 1210 709 [ῥὶ-

121 723 235 767 ritus
271 719 435 778 major,
455 733 546 764 cum
565 714 781 775 effec‘libus
810 715 995 776 frigoris
1016 715 1213 775 remissio-

121 790 183 833 ris
202 801 215 836 3
252 787 390 831 minor
424 800 543 834 vero,
567 799 659 829 cum
677 780 893 841 effetiibus
916 781 1050 826 multo
1070 783 1212 826 inten-

115 851 244 911 fioris
279 851 476 910 conjungi
500 849 621 906 folet.
693 851 754 895 Et
788 849 868 894 hac
904 845 1207 904 observantur,

121 919 283 977 etiamfi
302 915 666 976 Thermoscopium
683 914 908 961 collocetur
937 915 983 959 in
1015 913 1103 960 loco
1121 945 1136 964 ‚
1155 914 1210 957 ad

122 1000 245 1048 quem
271 986 363 1029 a‘e'ri
396 994 575 1028 externo
605 978 716 1027 liber
746 993 871 1042 patet
890 982 1049 1026 aditus.
1122 984 1210 1025 Ra-

121 1053 188 1098 tio
212 1051 480 1095 Phaenomeni
507 1049 588 1093 haec
613 1048 722 1094 mihi
745 1050 935 1093 videtur.
971 1047 1210 1108 Experien-

123 1119 190 1164 tia
211 1115 396 1171 confiat,
427 1114 595 1175 frigore
614 1113 918 1170 invalescente,
945 1113 1124 1158 multum
1142 1117 1211 1156 αέ-

127 1185 189 1230 ris
222 1199 276 1229 ex
306 1180 456 1241 fluidis
493 1181 670 1242 expelli:
707 1182 751 1226 id
771 1183 880 1242 quod
906 1177 1117 1232 testantur
1136 1193 1213 1224 ve-

125 1249 259 1310 sicula
285 1261 376 1294 tum
388 1245 683 1309 superficiebus
704 1250 920 1292 vitrorum
939 1276 953 1296 ,
985 1247 1030 1289 in
1059 1241 1211 1306 quibus

131 1318 425 1366 continentur,
448 1315 720 1359 adhaerentes.
760 1315 905 1359 Extra
932 1308 1107 1356 dubium
1127 1312 1213 1355 ita-

134 1398 213 1445 que
233 1380 417 1444 pofitum
444 1382 649 1431 videtur,
672 1377 839 1440 frigore
873 1376 1030 1432 intenfi)
1059 1392 1113 1421 ex
1132 1374 1215 1437 spi-

132 1451 224 1494 ritu
257 1463 420 1510 quoque
439 1449 534 1492 vini
556 1449 602 1492 in
618 1445 935 1506 Thermosiopio
953 1449 1094 1488 aerem
1114 1443 1214 1503 ejici

133 1516 190 1562 (Τ
209 1526 289 1575 per
318 1511 415 1559 tubi
444 1529 624 1561 vacuam
652 1526 819 1576 partem
856 1511 1053 1571 expandi.
1109 1516 1212 1556 Cum

131 1582 235 1626 adeo
269 1585 342 1626 ae'r
371 1582 556 1625 ambiens
580 1581 760 1628 calidior
795 1578 936 1635 rursus
982 1576 1177 1622 redditur
1196 1607 1210 1628 ,

129 1645 278 1704 inclusi
302 1646 436 1692 elater
453 1661 634 1706 augetur
643 1648 901 1710 spirituique
922 1642 1127 1701 ascensuro
1148 1659 1215 1688 re-

127 1712 238 1772 fistit
266 1710 353 1770 (9⁶.
382 1712 522 1770 146).
560 1716 789 1778 Qoniam
821 1728 924 1757 vero
949 1723 1027 1773 per
1045 1712 1215 1771 experi-

134 1791 276 1825 menta
316 1782 589 1825 MAR10TT1
628 1782 682 1833 (a)
715 1781 999 1824 determinata
1029 1778 1215 1838 quadam

133 1848 248 1892 a'e'ris
277 1847 500 1909 quantitas
528 1849 574 1892 in
597 1844 730 1905 fluido
742 1845 844 1902 salis
877 1843 1010 1898 instar
1030 1841 1216 1901 diffiilvi-

132 1923 206 1957 tur
225 1927 236 1961 3
272 1917 344 1956 ae'r
372 1927 397 1956 a
418 1910 586 1971 frigore
603 1911 794 1973 expulsus
810 1943 824 1962 ,
839 1912 1042 1970 crescente
1057 1910 1211 1962 calore,

122 1977 273 2036 sensim
300 1976 530 2040 sensimque
547 1978 726 2041 spiritui
741 1977 881 2035 rursus
904 1977 1181 2041 permiscetur
1202 1996 1211 2022 :

131 2046 241 2106 quod
260 2056 487 2106 antequam
500 2043 606 2102 fiat,
629 2044 880 2092 altitudines
899 2045 1056 2091 caloris
1076 2047 1213 2091 incre-

131 2122 273 2157 menta
292 2112 530 2157 indicantes
540 2111 708 2174 semper
726 2123 852 2158 erunt
863 2111 991 2174 justis
1010 2113 1210 2158 minores.

317 2230 853 2282 EXPERIENttA
936 2228 1039 2283 VI.

214 2368 341 2422 215.
384 2352 564 2413 Funem
590 2356 1000 2410 cannabinum‘ex
1033 2356 1212 2429 duplici

119 2438 213 2507 filo
235 2450 494 2488 contortum
527 2434 939 2490 bttmec‘tavimus,
975 2433 1035 2493 ὠ·
1063 2437 1213 2505 longi-

133 2516 347 2565 tudinem
373 2519 473 2583 eJ'us
497 2512 778 2566 notabiliter
812 2517 968 2564 minui
994 2515 1211 2565 animad-

130 2597 394 2644 vertimus:
441 2588 523 2646 ubi
545 2611 660 2641 vero
688 2593 836 2643 denuo
859 2588 1178 2662 exsiccabatur
1196 2628 1211 2650 ,

131 2669 194 2721 ad
200 2670 460 2740 pristinam
484 2668 671 2720 redibat
696 2670 1037 2736 dimenstonem.
1063 2667 1215 2720 Mul-

133 2760 182 2799 to
203 2762 361 2799 autem
385 2745 581 2798 brevior
599 2745 832 2798 evadebat
850 2783 865 2806 2
880 2747 963 2799 ubi
971 2745 1063 2815 fieb
1086 2765 1215 2817 aqua

125 2839 212 2894 per
262 2826 462 2894 aliquod
503 2839 687 2895 tempus
736 2822 881 2894 ipsttm
935 2825 1212 2877 detinuera-

135 2921 258 2954 mus.
340 2899 460 2953 Huc
490 2907 741 2971 pertinent
769 2937 788 2962 ,
838 2919 934 2971 quae
976 2901 1217 2954 Schwen-

136 2991 299 3030 terum
335 2993 579 3049 expertum
610 2977 691 3046 effi>
728 2985 781 3031 in
822 2979 1108 3031 Geometria
1143 2977 1216 3049 (b)

138 3062 501 3109 annotavimus.
607 3055 680 3109 Et
738 3054 1028 3109 Guilielmus
1070 3057 1217 3110 Moli-

140 3149 274 3185 neux
304 3171 321 3197 ,
363 3129 592 3204 Armiger
631 3150 776 3205 atque
815 3132 1070 3187 Societatis
1119 3133 1224 3188 Du-

141 3209 360 3280 blinensis
390 3209 719 3283 secretarius,
761 3212 1023 3280 istiusmodi
1043 3212 1222 3282 funem

190 3349 250 3395 (a)
280 3349 385 3399 Effay
412 3351 460 3392 de
487 3349 522 3390 la
547 3353 695 3393 Nature
725 3349 775 3393 de
807 3349 902 3391 l'Air
927 3362 966 3403 p.
979 3361 1041 3399 97·
1058 3351 1221 3406 &seqq.

191 3399 249 3449 (b)
277 3403 316 3447 §·
339 3413 420 3451 129.
440 3414 478 3454 p.
501 3411 587 3451 133·

1269 468 1275 513 Ι
1327 472 1501 542 resolvi
1563 473 1938 524 animadvertit.

2037 473 2149 525 Cum
2223 474 2409 544 pelvim

1328 569 1453 621 aqua
1492 551 1652 601 calida
1680 551 1873 621 plenam
1907 549 2186 618 admoviffi’t
2205 586 2219 609 ,
2260 571 2288 600 a
2309 569 2410 602 cen-

1325 629 1462 679 dente
1484 628 1659 698 vapore
1679 626 1829 696 funis
1854 628 2001 679 denuo
2039 629 2267 679 velociter
2304 646 2411 677 con-

1326 720 1510 760 tortus,
1550 724 1688 775 eoque
1731 704 1926 771 ceffitnte
1961 704 2119 772 rursus
2166 705 2409 769 resolutus.

1329 781 1473 833 Immo
1514 782 1678 833 halitu
1712 787 1808 833 oris
1843 785 1985 834 octies
2030 799 2115 833 aut
2160 782 2309 832 decies
2333 800 2402 832 re-

1314 864 1467 930 petito
1487 895 1502 920 ,
1532 859 1710 929 funem
1758 865 2057 930 contorqueri
2092 859 2270 912 didicit
2299 859 2410 908 cele-

1323 941 1535 1006 riterque
1590 935 1762 1005 rcstlvi
1812 940 2004 989 admota
2045 953 2186 1006 prope
2237 953 2409 989 uncum

1324 1015 1522 1066 candela
1555 1032 1639 1066 aut
1662 1014 1805 1084 ferro
1844 1019 1996 1086 ignito
2016 1012 2106 1084 (c).

1534 1141 2209 1194 ConoLLARIUM.

1397 1275 1504 1312 215.
1560 1268 1664 1310 Sola
1715 1266 1857 1327 igitur
1899 1265 2151 1312 humiditas
2187 1267 2301 1312 aeris
2338 1264 2410 1313 fu-

1330 1334 1456 1379 nium
1488 1330 1854 1380 cannabinorum
1888 1331 2229 1394 longitudinem
2277 1345 2410 1378 nota-

1329 1399 1481 1447 biliter
1503 1397 1770 1445 abbreviare
1788 1431 1803 1451 ,
1839 1396 2053 1461 ipsosque
2077 1396 2209 1446 funes
2245 1398 2411 1450 arfflus

1329 1478 1643 1526 contorquere
1681 1468 1814 1512 valet.

1559 1580 2158 1635 SCHo‘ffiIoN.

1400 1724 1507 1759 217.
1542 1713 1711 1757 Humor
1741 1711 1943 1758 nimirum
1970 1708 2265 1768 dimensionem
2290 1708 2418 1770 funis

1322 1776 1546 1836 secundum
1572 1780 1827 1824 diametrum
1872 1789 2012 1838 auget.
2083 1779 2162 1822 Sed
2193 1792 2286 1822 cum
2314 1778 2415 1840 gyri

1323 1843 1502 1906 spirales
1528 1841 1703 1901 filorum
1743 1855 2033 1890 contortorum
2064 1842 2162 1902 fere
2204 1845 2248 1888 in
2278 1846 2414 1889 circu—

1331 1911 1443 1956 lares
1480 1908 1864 1971 abeant,autopsia
1887 1910 1987 1964 teste
2003 1941 2017 1962 ‚
2054 1907 2251 1966 dimensio
2269 1908 2415 1965 secun-

1331 1980 1429 2022 dum
1463 1976 1767 2037 ‚longitudinem
1815 1976 2026 2034 decrescit.
2097 1973 2413 2022 Abbreviatio-

1330 2046 1396 2089 nis
1435 2045 1572 2102 igitur
1603 2043 1718 2100 causa
1753 2060 1833 2090 non
1882 2044 2006 2090 modo
2049 2045 2100 2087 ab
2131 2041 2413 2101 infinuatione

1330 2111 1520 2156 humoris
1553 2113 1598 2157 in
1621 2123 1750 2172 poros
1780 2109 1978 2170 sunium,
1994 2109 2065 2167 sed
2100 2110 2156 2155 Θ
2200 2110 2412 2170 imprimis

1328 2193 1353 2223 a
1378 2175 1532 2239 spirali
1560 2179 1785 2224 eorundem
1818 2189 1997 2222 textura
2019 2176 2223 2238 petenda.

1431 2271 2050 2324 EXPERIENTIA
2136 2269 2295 2325 VII.

1412 2377 1538 2426 218.
1584 2368 1710 2422 Idem
1736 2376 1791 2423 in
1823 2391 1975 2424 nervo
2010 2374 2171 2443 aliquo
2191 2372 2412 2442 fidiumj

1330 2453 1466 2513 cujus
1513 2450 1756 2519 longitudo
1809 2465 1914 2502 erat
1966 2444 2008 2504 1'
2065 2444 2160 2509 14''
2221 2451 2413 2501 circiter

1318 2531 1473 2593 juxta
1517 2523 1780 2595 mensuram
1844 2521 2190 2593 Rhenanam³
2255 2540 2414 2596 exper-

1330 2605 1373 2653 ti
1399 2600 1587 2670 finnus.
1669 2603 1782 2656 Cum
1821 2610 1946 2659 enim
1983 2607 2209 2666 eundem,
2235 2600 2414 2655 duobus

1330 2680 1494 2734 clavis
1558 2697 1762 2753 utraque
1804 2681 1889 2751 stu·
1951 2688 2263 2736 extremitate
2303 2680 2416 2731 alli-

1323 2772 1494 2827 gatum
1520 2797 1533 2819 ‚
1573 2766 1726 2828 juxta
1760 2761 2031 2835 fenestram
2064 2776 2279 2833 apertam
2336 2774 2416 2809 ex·
2466 2770 2477 2781 ‘

1332 2835 1630 2907 tendtffinius
1664 2835 1724 2896 ὠ
1767 2855 1847 2911 ope
1869 2841 2082 2910 paucula
2132 2857 2238 2891 cera
2287 2834 2418 2887 indi-

1332 2915 1489 2967 culum
1529 2918 1733 2986 ligneum
1757 2916 2106 2988 applicafflmus
2137 2952 2150 2971 ,
2190 2931 2274 2988 per
2298 2929 2418 2965 coma·

1329 2994 1490 3059 plures
1548 2995 1650 3045 dies
1711 3015 1804 3063 non
1842 2996 1949 3065 fine
2004 2995 2251 3064 voluptate
2312 3007 2421 3042 ner-

1337 3093 1454 3124 vum
1489 3079 1786 3142 contorqueri
1813 3074 2118 3124 advertimus
2144 3109 2160 3134 ‚
2202 3089 2305 3123 cum
2339 3064 2421 3118 So-

1339 3153 1383 3202 le
1423 3155 1602 3203 oriente
1635 3169 1710 3202 ros
1744 3150 2005 3212 decideret,
2031 3155 2109 3203 ita
2143 3163 2198 3201 ut
2215 3147 2330 3218 fere
2349 3141 2421 3213 ῥ-

2261 3240 2423 3277 mittr-

1393 3350 1444 3397 (c)
1466 3349 1608 3392 Philos.
1642 3350 1835 3393 Transaa.
1859 3352 1960 3395 Anni
1980 3355 2087 3401 1685.
2110 3364 2149 3392 n.
2170 3357 2251 3393 162..
2267 3356 2424 3401 p⁴1032‚

1341 3404 1446 3446 conf.
1479 3402 1576 3444 Atta
1603 3404 1752 3446 Erudit.
1782 3408 1830 3445 A.
1851 3406 1957 3453 1684-
1988 3416 2027 3458 p.
2058 3405 2147 3454 389.
