2687 3754
7 2410 64 2457 tb.

7 2481 34 2551 l.

7 2558 48 2637 ξ.

255 185 374 261 Ὀφ
419 187 475 242 V:
552 185 647 239 DE
728 183 962 241 VARHS
1047 185 1655 244 MACHINAMENTIS
1736 189 2237 246 HYDRAULICIS.

138 314 301 371 *tholus
324 319 360 368 F
387 312 692 384 deprimatur
718 348 732 371 ,
775 310 973 364 valvula
997 314 1037 364 E
1072 311 1231 366 clausa

155 410 294 464 aquae
331 387 592 463 regressum
640 389 688 440 in
740 384 1032 458 superiorem
1076 390 1232 443 antliae

161 485 349 541 partem
382 466 584 537 impedit
614 463 699 533 (ς.
725 464 862 534 104)
888 467 907 528 )
955 482 1111 536 quare
1147 485 1234 538 per

158 547 337 599 tubum
369 546 470 599 LM
499 561 611 596 curn
642 541 828 611 impetu
872 541 1076 606 ejicitur.
1135 548 1232 599 Re-

160 639 301 677 moto
332 626 496 675 autem
518 616 644 691 pede
675 618 738 670 ab
763 617 968 670 embolo
997 620 1086 671 GF
1102 657 1116 682 ,
1149 618 1232 692 pis-

153 700 311 754 tillum
342 699 445 752 fitui
479 694 564 749 suo
607 693 867 747 restituitur
902 711 999 764 ope
1037 697 1233 750 clateris

155 782 224 831 H.
267 776 417 831 Saliet
444 774 610 845 itaque
634 786 764 842 aqua
794 789 855 822 ex
889 771 947 823 M
973 808 989 831 ,
1037 774 1232 842 quoties

156 872 240 926 pes
280 852 510 908 calcantis
560 848 857 903 admovetur
904 846 1112 902 embolo
1163 853 1230 904 G.

150 931 353 1001 ,Qenast

389 1007 852 1060 SCHOLION
938 1003 975 1054 Ι.

222 1145 329 1191 164.
368 1139 471 1182 Cum
501 1146 611 1195 aqua
636 1144 690 1175 ex
705 1127 934 1176 altitudine
953 1134 1136 1193 quadam
1162 1134 1232 1179 de-

152 1205 262 1267 lapsa
284 1236 299 1255 ,
332 1204 385 1250 ad
415 1216 506 1247 eam
525 1198 622 1258 fere
652 1195 793 1253 rursus
812 1195 1002 1253 ascendat
1035 1199 1168 1258 (§.49
1186 1198 1232 1256 )·‚·

153 1264 240 1334 quae
259 1268 360 1316 tabo
386 1269 472 1313 CD
499 1264 730 1310 advehitur
750 1296 764 1312 ‚
791 1277 844 1306 ex
876 1262 972 1319 vase
996 1265 1114 1309 intra
1144 1277 1233 1311 ter-

148 1353 242 1382 ram
277 1332 424 1395 defoffb
453 1333 508 1379 &⁴
541 1332 585 1377 in
615 1329 800 1392 planitie
834 1328 1028 1391 replendo
1048 1330 1147 1378 illuc
1164 1333 1233 1377 de-

152 1404 292 1450 rivari
327 1399 464 1448 debet.

387 1518 836 1570 SCHOLION
918 1511 997 1564 II.

220 1651 327 1702 165.
365 1640 536 1705 (Quodsi
562 1654 665 1684 vero
702 1652 812 1698 aqua
837 1648 916 1697 per
959 1637 1109 1685 tubam
1145 1641 1231 1686 CD

150 1710 328 1758 advet'ia
348 1725 401 1755 ex
422 1708 650 1754 altitudine
674 1705 855 1765 quadam
874 1701 1018 1761 fuerit
1038 1707 1201 1767 delapflz
1215 1729 1230 1759 ;

146 1781 192 1823 in
223 1781 243 1821 Ι
270 1778 454 1838 aptanda
485 1772 688 1821 valvula,
710 1771 778 1815 cm·
807 1770 1080 1829 deprimenda
1095 1772 1231 1828 solam

148 1858 262 1906 aquae
291 1844 453 1905 pondus
484 1856 564 1886 non
586 1836 769 1897 sufficiat
797 1853 806 1879 :
849 1835 920 1880 vel
952 1848 1090 1884 totam
1130 1841 1230 1884 Ma-

149 1910 458 1956 chinamentum
495 1907 582 1954 alia
611 1905 778 1950 ratione
816 1901 998 1954 construi
1039 1902 1224 1952 deberet,

276 1994 743 2044 PROBLEMA
826 1990 1068 2044 XLIII.

232 2106 355 2155 166.
400 2097 673 2159 Construere
718 2097 1025 2151 M'achinam
1063 2135 1079 2160 ,
1133 2122 1226 2173 qtae

144 2195 321 2248 aquam
360 2178 533 2248 infigat
568 2197 671 2229 cum
713 2181 891 2246 impetu
921 2179 1089 2228 elevet.

416 2279 940 2331 Resotwmo.

149 2393 195 2433 1.
237 2377 570 2432 Construatur
602 2375 750 2429 antlia
779 2373 1095 2448 compreffiva
1131 2374 1218 2428 AB

220 2456 475 2519 (§·113>·

135 2544 194 2589 ,2.
239 2533 312 2585 Ex
335 2549 391 2585 ea
420 2525 626 2584 transeat
663 2531 866 2585 tubulus
900 2530 1003 2584 CD
1045 2530 1093 2582 in
1134 2547 1218 2582 vas

218 2607 538 2680 cylindricum
572 2610 683 2670 HI,
729 2610 864 2674 cujus
910 2625 972 2660 ex
1010 2607 1214 2660 orichal—

218 2704 280 2738 co
306 2686 460 2757 parati
499 2686 713 2739 altitudo
739 2685 794 2737 lit
834 2696 867 2741 2
891 2683 1093 2756 pedum,
1113 2685 1214 2738 dia-

215 2779 369 2815 meter
404 2763 519 2815 οέὶο
555 2761 843 2834 digitorum.

137 2854 186 2905 3.
232 2840 405 2892 Tubus
430 2841 536 2894 CD
561 2837 617 2892 fit
646 2839 841 2891 valvula
867 2838 914 2892 in
939 2841 989 2892 D
1018 2839 1213 2892 instruc-

212 2933 289 2970 tus
315 2954 331 2979 ‚
368 2934 475 2987 quae
500 2918 545 2968 in
564 2916 824 2969 cavitatem
849 2915 964 2969 vafis
997 2918 1070 2968 HI
1092 2917 1209 2969 hiet.

137 3007 189 3056 4.
231 2994 465 3063 Denique
493 2994 540 3046 in
567 2997 611 3045 K
643 2991 1035 3047 afferruminetur
1058 2994 1208 3046 tubus

211 3089 446 3125 recurvus
472 3066 559 3122 KL
579 3108 592 3126 ,
609 3070 856 3123 mediante
879 3071 1134 3144 epistomio
1158 3088 1206 3137 Ο

206 3166 304 3220 3pro
337 3147 542 3200 arbitrio
580 3146 880 3201 claudendus
907 3153 956 3204 ὃς
990 3150 1209 3221 aperien-

206 3225 315 3278 dus,

203 3332 376 3405 Wlfii
402 3335 542 3407 Oper-
581 3331 833 3389 Mathem.
859 3336 1007 3389 Tom.
1034 3332 1107 3390 II.
1171 3322 1184 3325 -

2326 194 2441 257 3όᾷ

1354 314 1519 376 Dico,
1549 315 1676 366 hanc
1719 317 2004 370 Machinam
2052 335 2234 390 aquam
2269 317 2333 373 ad
2370 317 2440 376 in«.

1434 391 1615 463 signem
1654 392 1963 447 altitudinem
2001 394 2318 449 elevaturarn.

1531 489 2256 545 DEMONSTRATIO.

1431 585 1648 638 Embolo
1675 588 1802 640 enim
1830 592 1907 643 EF
1948 590 2146 644 elevato
2169 630 2184 654 ,
2235 592 2442 648 valvula

1355 663 1404 714 G
1430 664 1645 733 aperitur
1682 668 1732 717 &
1759 683 1890 737 aqua
1930 667 1979 720 in
2016 669 2215 721 antliam
2248 669 2339 723 AB
2376 669 2441 724 as-

1358 740 1521 791 cendit
1555 740 1633 809 (§.
1660 752 1746 806 36.
1765 743 1957 798 Aerem.
1977 749 2025 809 ):
2048 761 2151 815 quo
2179 745 2334 800 rursus
2359 747 2441 800 de-

1357 814 1514 886 presso
1532 854 1548 878 2
1564 818 1644 869 illa
1670 818 1912 874 clauditur
1935 827 1986 876 ὃς
2012 821 2210 876 valvula
2230 827 2280 878 D
2304 841 2442 896 aper==

1356 907 1407 944 ta
1434 910 1563 964 aqua
1586 913 1672 965 per
1706 897 1883 950 tubum
1919 902 2021 954 CD
2047 899 2095 954 in
2119 918 2204 954 vas
2237 903 2309 954 HI
2359 902 2443 968 eji-

1357 969 1481 1023 citur
1509 969 1588 1039 (5.
1613 987 1710 1039 105
1736 974 1772 1042 ).
1818 977 1939 1040 Quo
1971 976 2132 1040 facto,
2163 995 2279 1032 cum
2327 975 2443 1050 epis-

1356 1048 1562 1100 tomium
1595 1053 1642 1103 O
1665 1050 1727 1102 ⁴fit
1759 1051 1970 1107 clausum
1998 1093 2012 1111 ,
2041 1059 2126 1110 aer
2151 1055 2200 1109 in
2229 1057 2440 1111 cavitate

1357 1123 1475 1177 vasis
1505 1129 1580 1180 HI
1607 1130 1948 1199 comprimitur
1975 1136 2053 1203 (§.
2083 1147 2165 1201 17.
2185 1134 2378 1188 Aerem.
2397 1139 2437 1200 ).
2489 1158 2492 1160 ·

1357 1200 1549 1267 Quodsi
1587 1204 1753 1276 itaque
1791 1205 2081 1262 sufficienter
2120 1210 2263 1263 fuerit
2303 1230 2436 1264 com-

1354 1277 1566 1350 prelsus;
1593 1298 1766 1352 aperto
1791 1286 2048 1356 epistomio
2067 1324 2082 1348 ,
2109 1305 2239 1359 aqua
2264 1288 2436 1359 insigni

1355 1374 1466 1409 cum
1509 1358 1695 1428 impetu
1737 1378 1823 1430 per
1864 1363 2041 1416 tubum
2077 1366 2164 1420 KL
2211 1383 2436 1437 prorum-

1354 1448 1438 1505 pet
1466 1436 1703 1505 (§.‘87).
1747 1437 1814 1505 Q
1835 1461 1874 1492 e.
1890 1443 1939 1493 d.

1548 1534 2215 1588 CoRoLLARIUM.

1429 1618 1535 1669 167.
1573 1609 1814 1674 Qoniam
1847 1612 2103 1673 agitatione
2124 1612 2299 1659 emboli
2326 1625 2436 1660 con-

1355 1673 1535 1721 tinuata
1557 1709 1568 1727 ,
1607 1680 1683 1722 a‘e'r
1708 1675 1755 1721 in
1782 1677 1950 1723 eodem
1978 1679 2326 1741 compressionis
2343 1693 2442 1740 gra-

1354 1739 1416 1785 du
1447 1740 1720 1789 conseruari⁴
1731 1743 1880 1803 potest
1891 1743 2011 1798 5haec
2039 1745 2252 1792 Machina
2270 1759 2441 1806 aquam

1354 1820 1582 1853 contlssuo
1618 1822 1752 1864 ejicit.

1478 1879 1746 1926 Pitouss
1781 1890 1993 1929 [Emit
2079 1878 2310 1932 XLIV.

1437 1961 1559 2009 168.
1622 1950 2122 2022 [fflsslstfconsffiterium
2147 1993 2162 2016 2
2204 1955 2287 2008 hoc
2333 1953 2397 2023 esl²
2420 1970 2442 2016 ‚⁴

1352 2028 1663 2081 ‚Machinam
1698 2034 1994 2097 construere,
2045 2053 2140 2104 qua
2162 2053 2336 2105 aquam
2377 2032 2446 2090 ad

1347 2110 1569 2158 incendia
1617 2106 1943 2178 reffinguenda
1975 2112 2043 2161 ad
2057 2112 2223 2162 datam
2264 2113 2435 2162 altitu-

1347 2187 1504 2236 dinem
1534 2191 1592 2244 ὠ·
1633 2191 1686 2237 in
1723 2188 1889 2237 datum
1931 2189 2078 2239 lacum
2113 2202 2325 2240 evomat.

1615 2263 1656 2315 R
1684 2277 1709 2312 E
1740 2279 1760 2312 s
1791 2277 1826 2313 O
1857 2277 1885 2314 Ι.
1922 2281 1955 2315 U
1988 2280 2019 2313 T
2049 2279 2067 2314 Ι
2093 2282 2142 2316 o.

1353 2353 1398 2393 1.
1429 2337 1535 2391 Fiat
1562 2338 1676 2391 cista
1695 2339 1778 2391 ΑΒ
1802 2338 2006 2410 figuram
2032 2340 2430 2412 parallelepipedi
2446 2334 2564 2388 Tab.

1422 2415 1610 2468 habens
1639 2420 1687 2468 ὃς
1713 2417 1829 2467 rotis
1857 2418 1907 2468 C
1938 2417 2159 2469 {iz-struem
2181 2456 2194 2479 ,
2223 2433 2276 2470 ut
2294 2407 2544 2482 com-Vis·

1418 2492 1569 2545 mode
1593 2492 1656 2545 ad
1683 2493 1846 2545 locum
1876 2494 2085 2545 incendii
2117 2494 2295 2547 advehi
2321 2493 2425 2568 pos-
2441 2472 2538 2585 ἐξ

1419 2568 1490 2621 sit.
1536 2572 1737 2622 Sunt&
1768 2572 1851 2639 qui
1883 2572 2044 2624 cistam
2084 2572 2229 2625 trahae
2270 2573 2424 2644 impo-
2507 2571 2521 2594 ”

1418 2661 1570 2708 nunt,
1592 2645 1829 2699 firmitatis
1846 2648 1997 2719 gratia
2012 2685 2026 2703 ,
2047 2650 2163 2720 quia
2192 2668 2291 2703 non
2317 2666 2418 2706 tam

1416 2722 1558 2776 facile
1591 2724 1824 2776 damnum
1855 2725 2067 2795 patitur,
2103 2745 2251 2798 quam
2286 2745 2412 2781 rota.

1337 2810 1389 2855 2.
1416 2803 1545 2853 Intra
1573 2801 1733 2852 cistam
1759 2799 1975 2854 firmetur
2000 2804 2229 2857 Machina
2264 2806 2409 2857 CTH-

1413 2891 1646 2929 SIBJANA
1684 2895 1794 2929 cum
1830 2879 2030 2950 gemino
2063 2880 2289 2952 cylindro
2320 2880 2402 2950 (§.

1410 2952 1546 3023 113).

1334 3045 1382 3096 3.
1410 3030 1495 3086 Ad
1542 3030 1802 3103 agitandos
1835 3033 2062 3108 embolos
2097 3032 2404 3105 applicentur

1406 3109 1570 3162 vefies
1606 3112 1697 3162 DE
1724 3128 1834 3162 cum
1869 3128 1961 3164 axe
1997 3126 2200 3165 curvato
2213 3149 2230 3175 2
2266 3111 2403 3168 itaut

1401 3186 1631 3238 embolus
1657 3187 1777 3238 alter
1801 3187 2116 3259 deprimatur,
2132 3191 2251 3244 dum
2276 3209 2401 3246 unus

1401 3261 1662 3317 attollitur.

1779 3340 1824 3395 A
1845 3357 1872 3395 a
1895 3358 1925 3396 a
2226 3361 2276 3410 4.
2305 3349 2403 3403 Tu.
