<?xml version="1.0" encoding="UTF-8"?>
<!DOCTYPE html PUBLIC "-//W3C//DTD XHTML 1.0 Transitional//EN"
    "http://www.w3.org/TR/xhtml1/DTD/xhtml1-transitional.dtd">
<html xmlns="http://www.w3.org/1999/xhtml" xml:lang="en" lang="en">
 <head>
  <title>
</title>
<meta http-equiv="Content-Type" content="text/html;charset=utf-8" />
  <meta name='ocr-system' content='tesseract 3.04.00' />
  <meta name='ocr-capabilities' content='ocr_page ocr_carea ocr_par ocr_line ocrx_word'/>
</head>
<body>
  <div class='ocr_page' id='page_1' title='image "./elementamatheseo02wolf_0317.png"; bbox 0 0 2687 3754; ppageno 0'>
   <div class='ocr_carea' id='block_1_1' title="bbox 0 2590 12 3172">
    <p class='ocr_par' dir='ltr' id='par_1_1' title="bbox 0 2590 12 3172">
     <span class='ocr_line' id='line_1_1' title="bbox 0 2590 12 3172; baseline 0 0"><span class='ocrx_word' id='word_1_1' title='bbox 0 2590 12 3172; x_wconf 95' lang='lat' dir='ltr'><em> </em></span> 
     </span>
    </p>
   </div>
   <div class='ocr_carea' id='block_1_2' title="bbox 77 201 2354 283">
    <p class='ocr_par' dir='ltr' id='par_1_2' title="bbox 77 201 2354 283">
     <span class='ocr_line' id='line_1_2' title="bbox 77 201 2354 283; baseline 0.007 -17"><span class='ocrx_word' id='word_1_2' title='bbox 77 213 185 283; x_wconf 76' lang='lat' dir='ltr'><em>Cap.</em></span> <span class='ocrx_word' id='word_1_3' title='bbox 213 206 407 263; x_wconf 82' lang='lat' dir='ltr'><em>IILDE</em></span> <span class='ocrx_word' id='word_1_4' title='bbox 450 203 952 260; x_wconf 84' lang='lat' dir='ltr'><strong>GRAVIT.CORP.</strong></span> <span class='ocrx_word' id='word_1_5' title='bbox 978 201 1229 264; x_wconf 84' lang='lat' dir='ltr'><strong>SPECIF.</strong></span> <span class='ocrx_word' id='word_1_6' title='bbox 1272 210 1481 269; x_wconf 84' lang='lat' dir='ltr'><strong>GRAV.</strong></span> <span class='ocrx_word' id='word_1_7' title='bbox 1522 213 1603 269; x_wconf 89' lang='lat' dir='ltr'><em>IN</em></span> <span class='ocrx_word' id='word_1_8' title='bbox 1621 213 1893 274; x_wconf 81' lang='lat' dir='ltr'>FLUIDIS</span> <span class='ocrx_word' id='word_1_9' title='bbox 1910 216 2187 275; x_wconf 80' lang='lat' dir='ltr'><strong>LEVIOR.</strong></span> <span class='ocrx_word' id='word_1_10' title='bbox 2245 219 2354 282; x_wconf 83' lang='lat'><em>265</em></span> 
     </span>
    </p>
   </div>
   <div class='ocr_carea' id='block_1_3' title="bbox 291 333 954 389">
    <p class='ocr_par' dir='ltr' id='par_1_3' title="bbox 291 333 954 389">
     <span class='ocr_line' id='line_1_3' title="bbox 291 333 954 389; baseline -0.006 0"><span class='ocrx_word' id='word_1_11' title='bbox 291 337 750 389; x_wconf 79' lang='lat' dir='ltr'>ScHoLIoN</span> <span class='ocrx_word' id='word_1_12' title='bbox 833 333 954 386; x_wconf 64' lang='lat' dir='ltr'><em>1n;</em></span> 
     </span>
    </p>
   </div>
   <div class='ocr_carea' id='block_1_4' title="bbox 52 413 1158 1601">
    <p class='ocr_par' dir='ltr' id='par_1_4' title="bbox 52 413 1158 1601">
     <span class='ocr_line' id='line_1_4' title="bbox 142 413 1152 475; baseline -0.001 -17"><span class='ocrx_word' id='word_1_13' title='bbox 142 429 220 475; x_wconf 90' lang='lat'><em>70.</em></span> <span class='ocrx_word' id='word_1_14' title='bbox 244 414 309 460; x_wconf 86' lang='lat' dir='ltr'><em>Ut</em></span> <span class='ocrx_word' id='word_1_15' title='bbox 340 413 645 473; x_wconf 77' lang='lat' dir='ltr'><em>accurattffime</em></span> <span class='ocrx_word' id='word_1_16' title='bbox 691 413 833 458; x_wconf 88' lang='lat' dir='ltr'><em>omnia</em></span> <span class='ocrx_word' id='word_1_17' title='bbox 869 423 1152 473; x_wconf 75' lang='lat' dir='ltr'><em>peragantur,</em></span> 
     </span>
     <span class='ocr_line' id='line_1_5' title="bbox 68 476 1158 544; baseline -0.003 -18"><span class='ocrx_word' id='word_1_18' title='bbox 68 483 270 544; x_wconf 82' lang='lat' dir='ltr'><em>gravitas</em></span> <span class='ocrx_word' id='word_1_19' title='bbox 304 477 376 537; x_wconf 86' lang='lat' dir='ltr'><em>fili</em></span> <span class='ocrx_word' id='word_1_20' title='bbox 416 491 544 524; x_wconf 84' lang='lat' dir='ltr'><em>extra</em></span> <span class='ocrx_word' id='word_1_21' title='bbox 575 476 760 535; x_wconf 84' lang='lat' dir='ltr'><em>fluidum</em></span> <span class='ocrx_word' id='word_1_22' title='bbox 805 478 1027 532; x_wconf 77' lang='lat' dir='ltr'><em>constituti</em></span> <span class='ocrx_word' id='word_1_23' title='bbox 1058 477 1158 535; x_wconf 78' lang='lat' dir='ltr'><em>jub-</em></span> 
     </span>
     <span class='ocr_line' id='line_1_6' title="bbox 74 545 1152 606; baseline -0.003 -12"><span class='ocrx_word' id='word_1_24' title='bbox 74 549 282 595; x_wconf 84' lang='lat' dir='ltr'><em>trahenda</em></span> <span class='ocrx_word' id='word_1_25' title='bbox 303 545 358 599; x_wconf 82' lang='lat' dir='ltr'><em>est</em></span> <span class='ocrx_word' id='word_1_26' title='bbox 374 547 554 606; x_wconf 79' lang='lat' dir='ltr'><em>ponderi</em></span> <span class='ocrx_word' id='word_1_27' title='bbox 566 545 693 601; x_wconf 75' lang='lat' dir='ltr'><em>solidi</em></span> <span class='ocrx_word' id='word_1_28' title='bbox 720 547 765 590; x_wconf 89' lang='lat' dir='ltr'><em>in</em></span> <span class='ocrx_word' id='word_1_29' title='bbox 787 552 909 597; x_wconf 79' lang='lat' dir='ltr'><em>ae&#39;re,</em></span> <span class='ocrx_word' id='word_1_30' title='bbox 932 548 1002 592; x_wconf 92' lang='lat' dir='ltr'><em>vis</em></span> <span class='ocrx_word' id='word_1_31' title='bbox 1031 562 1152 597; x_wconf 83' lang='lat' dir='ltr'><em>vero,</em></span> 
     </span>
     <span class='ocr_line' id='line_1_7' title="bbox 72 606 1154 677; baseline -0.002 -19"><span class='ocrx_word' id='word_1_32' title='bbox 72 629 158 677; x_wconf 80' lang='lat' dir='ltr'><em>quae</em></span> <span class='ocrx_word' id='word_1_33' title='bbox 193 614 455 675; x_wconf 80' lang='lat' dir='ltr'><em>requiritur,</em></span> <span class='ocrx_word' id='word_1_34' title='bbox 494 614 549 656; x_wconf 89' lang='lat' dir='ltr'><em>ad</em></span> <span class='ocrx_word' id='word_1_35' title='bbox 577 606 701 667; x_wconf 85' lang='lat' dir='ltr'><em>filum</em></span> <span class='ocrx_word' id='word_1_36' title='bbox 719 609 796 667; x_wconf 86' lang='lat' dir='ltr'><em>sub</em></span> <span class='ocrx_word' id='word_1_37' title='bbox 817 609 953 669; x_wconf 80' lang='lat' dir='ltr'><em>fluido</em></span> <span class='ocrx_word' id='word_1_38' title='bbox 993 614 1154 657; x_wconf 88' lang='lat' dir='ltr'><em>demer—</em></span> 
     </span>
     <span class='ocr_line' id='line_1_8' title="bbox 63 675 1151 741; baseline -0.002 -17"><span class='ocrx_word' id='word_1_39' title='bbox 63 682 245 741; x_wconf 82' lang='lat' dir='ltr'><em>gendum</em></span> <span class='ocrx_word' id='word_1_40' title='bbox 262 710 275 729; x_wconf 83' lang='lat'><em>,</em></span> <span class='ocrx_word' id='word_1_41' title='bbox 303 677 340 735; x_wconf 83' lang='lat' dir='ltr'><strong><em>fi</em></strong></span> <span class='ocrx_word' id='word_1_42' title='bbox 363 675 550 739; x_wconf 68' lang='lat' dir='ltr'><em>specifice</em></span> <span class='ocrx_word' id='word_1_43' title='bbox 574 678 738 727; x_wconf 86' lang='lat' dir='ltr'><em>levius,</em></span> <span class='ocrx_word' id='word_1_44' title='bbox 759 680 948 723; x_wconf 85' lang='lat' dir='ltr'><em>addenda</em></span> <span class='ocrx_word' id='word_1_45' title='bbox 976 676 1032 731; x_wconf 83' lang='lat' dir='ltr'><em>est</em></span> <span class='ocrx_word' id='word_1_46' title='bbox 1046 690 1151 738; x_wconf 85' lang='lat' dir='ltr'><em>pon·</em></span> 
     </span>
     <span class='ocr_line' id='line_1_9' title="bbox 67 742 1150 805; baseline -0.004 -14"><span class='ocrx_word' id='word_1_47' title='bbox 67 748 161 792; x_wconf 84' lang='lat' dir='ltr'><em>deri</em></span> <span class='ocrx_word' id='word_1_48' title='bbox 178 743 335 801; x_wconf 80' lang='lat' dir='ltr'><em>amiffo.</em></span> <span class='ocrx_word' id='word_1_49' title='bbox 404 745 573 805; x_wconf 50' lang='lat' dir='ltr'><em>‘Quodst</em></span> <span class='ocrx_word' id='word_1_50' title='bbox 597 759 700 788; x_wconf 88' lang='lat' dir='ltr'><em>vero</em></span> <span class='ocrx_word' id='word_1_51' title='bbox 711 742 850 801; x_wconf 87' lang='lat' dir='ltr'><em>filum,</em></span> <span class='ocrx_word' id='word_1_52' title='bbox 877 760 933 789; x_wconf 87' lang='lat' dir='ltr'><em>ex</em></span> <span class='ocrx_word' id='word_1_53' title='bbox 953 759 1033 805; x_wconf 86' lang='lat' dir='ltr'><em>quo</em></span> <span class='ocrx_word' id='word_1_54' title='bbox 1045 756 1150 804; x_wconf 86' lang='lat' dir='ltr'><em>pen-</em></span> 
     </span>
     <span class='ocr_line' id='line_1_10' title="bbox 63 807 1148 869; baseline -0.003 -12"><span class='ocrx_word' id='word_1_55' title='bbox 63 814 135 859; x_wconf 88' lang='lat' dir='ltr'><em>det</em></span> <span class='ocrx_word' id='word_1_56' title='bbox 159 810 339 867; x_wconf 80' lang='lat' dir='ltr'><em>solidum</em></span> <span class='ocrx_word' id='word_1_57' title='bbox 356 841 368 860; x_wconf 86' lang='lat'><em>‚</em></span> <span class='ocrx_word' id='word_1_58' title='bbox 382 807 518 868; x_wconf 83' lang='lat' dir='ltr'><em>fluido</em></span> <span class='ocrx_word' id='word_1_59' title='bbox 534 812 718 868; x_wconf 75' lang='lat' dir='ltr'><em>gravius</em></span> <span class='ocrx_word' id='word_1_60' title='bbox 733 809 875 869; x_wconf 84' lang='lat' dir='ltr'><em>fuerit</em></span> <span class='ocrx_word' id='word_1_61' title='bbox 894 845 906 860; x_wconf 88' lang='lat'><em>,</em></span> <span class='ocrx_word' id='word_1_62' title='bbox 933 812 1148 869; x_wconf 81' lang='lat' dir='ltr'><em>integrum</em></span> 
     </span>
     <span class='ocr_line' id='line_1_11' title="bbox 56 874 1157 940; baseline 0 -19"><span class='ocrx_word' id='word_1_63' title='bbox 56 879 219 940; x_wconf 86' lang='lat' dir='ltr'><em>pondus</em></span> <span class='ocrx_word' id='word_1_64' title='bbox 231 874 300 932; x_wconf 82' lang='lat' dir='ltr'><em>fili</em></span> <span class='ocrx_word' id='word_1_65' title='bbox 323 878 367 921; x_wconf 93' lang='lat' dir='ltr'><em>in</em></span> <span class='ocrx_word' id='word_1_66' title='bbox 387 882 484 920; x_wconf 83' lang='lat' dir='ltr'><em>ae&#39;re</em></span> <span class='ocrx_word' id='word_1_67' title='bbox 502 874 834 932; x_wconf 83' lang='lat' dir='ltr'><em>subtrahendum</em></span> <span class='ocrx_word' id='word_1_68' title='bbox 852 876 908 929; x_wconf 83' lang='lat' dir='ltr'><em>est</em></span> <span class='ocrx_word' id='word_1_69' title='bbox 928 875 953 920; x_wconf 77' lang='lat' dir='ltr'><em>a</em></span> <span class='ocrx_word' id='word_1_70' title='bbox 960 879 1157 937; x_wconf 86' lang='lat' dir='ltr'><em>pondere·</em></span> 
     </span>
     <span class='ocr_line' id='line_1_12' title="bbox 52 940 1143 1002; baseline -0.001 -13"><span class='ocrx_word' id='word_1_71' title='bbox 52 944 179 1001; x_wconf 72' lang='lat' dir='ltr'><em>solidi</em></span> <span class='ocrx_word' id='word_1_72' title='bbox 211 945 256 987; x_wconf 91' lang='lat' dir='ltr'><em>in</em></span> <span class='ocrx_word' id='word_1_73' title='bbox 290 948 414 992; x_wconf 70' lang='lat' dir='ltr'><em>aere,</em></span> <span class='ocrx_word' id='word_1_74' title='bbox 438 944 494 989; x_wconf 58' lang='grc' dir='ltr'><em>(Τ</em></span> <span class='ocrx_word' id='word_1_75' title='bbox 520 944 687 1002; x_wconf 85' lang='lat' dir='ltr'><em>pondus</em></span> <span class='ocrx_word' id='word_1_76' title='bbox 703 945 810 1001; x_wconf 87' lang='lat' dir='ltr'><em>quod</em></span> <span class='ocrx_word' id='word_1_77' title='bbox 822 940 946 999; x_wconf 87' lang='lat' dir='ltr'><em>filum</em></span> <span class='ocrx_word' id='word_1_78' title='bbox 959 945 1143 994; x_wconf 88' lang='lat' dir='ltr'><em>amittit,</em></span> 
     </span>
     <span class='ocr_line' id='line_1_13' title="bbox 60 1006 1145 1071; baseline 0 -17"><span class='ocrx_word' id='word_1_79' title='bbox 60 1008 87 1054; x_wconf 77' lang='grc' dir='ltr'><em>ἁ</em></span> <span class='ocrx_word' id='word_1_80' title='bbox 103 1010 285 1069; x_wconf 86' lang='lat' dir='ltr'><em>pondere</em></span> <span class='ocrx_word' id='word_1_81' title='bbox 305 1010 348 1053; x_wconf 89' lang='lat' dir='ltr'><em>in</em></span> <span class='ocrx_word' id='word_1_82' title='bbox 361 1006 498 1065; x_wconf 84' lang='lat' dir='ltr'><em>fluido</em></span> <span class='ocrx_word' id='word_1_83' title='bbox 515 1007 672 1066; x_wconf 77' lang='lat' dir='ltr'><em>amiffo.</em></span> <span class='ocrx_word' id='word_1_84' title='bbox 689 1011 921 1054; x_wconf 86' lang='lat' dir='ltr'><em>Enimvero</em></span> <span class='ocrx_word' id='word_1_85' title='bbox 945 1012 1145 1071; x_wconf 84' lang='lat' dir='ltr'><em>quoniam</em></span> 
     </span>
     <span class='ocr_line' id='line_1_14' title="bbox 53 1073 1145 1134; baseline 0.001 -14"><span class='ocrx_word' id='word_1_86' title='bbox 53 1073 177 1134; x_wconf 83' lang='lat' dir='ltr'><em>filum</em></span> <span class='ocrx_word' id='word_1_87' title='bbox 206 1090 296 1119; x_wconf 85' lang='lat' dir='ltr'><em>cum</em></span> <span class='ocrx_word' id='word_1_88' title='bbox 330 1074 464 1130; x_wconf 83' lang='lat' dir='ltr'><em>solido</em></span> <span class='ocrx_word' id='word_1_89' title='bbox 485 1074 673 1130; x_wconf 83' lang='lat' dir='ltr'><em>immerso</em></span> <span class='ocrx_word' id='word_1_90' title='bbox 701 1077 812 1120; x_wconf 85' lang='lat' dir='ltr'><em>idem</em></span> <span class='ocrx_word' id='word_1_91' title='bbox 833 1087 972 1121; x_wconf 83' lang='lat' dir='ltr'><em>totum</em></span> <span class='ocrx_word' id='word_1_92' title='bbox 998 1076 1145 1129; x_wconf 84' lang='lat' dir='ltr'><em>consti-</em></span> 
     </span>
     <span class='ocr_line' id='line_1_15' title="bbox 58 1140 1144 1200; baseline -0.001 -12"><span class='ocrx_word' id='word_1_93' title='bbox 58 1143 146 1188; x_wconf 85' lang='lat' dir='ltr'><em>tuit</em></span> <span class='ocrx_word' id='word_1_94' title='bbox 163 1172 176 1191; x_wconf 87' lang='lat'>‚</span> <span class='ocrx_word' id='word_1_95' title='bbox 196 1140 272 1185; x_wconf 84' lang='lat' dir='ltr'><em>hac</em></span> <span class='ocrx_word' id='word_1_96' title='bbox 285 1143 478 1185; x_wconf 80' lang='lat' dir='ltr'><em>cautione</em></span> <span class='ocrx_word' id='word_1_97' title='bbox 494 1154 595 1200; x_wconf 83' lang='lat' dir='ltr'><em>opus</em></span> <span class='ocrx_word' id='word_1_98' title='bbox 616 1157 696 1186; x_wconf 91' lang='lat' dir='ltr'><em>non</em></span> <span class='ocrx_word' id='word_1_99' title='bbox 716 1140 773 1195; x_wconf 81' lang='lat' dir='ltr'><em>est</em></span> <span class='ocrx_word' id='word_1_100' title='bbox 789 1177 802 1192; x_wconf 91' lang='lat'><em>,</em></span> <span class='ocrx_word' id='word_1_101' title='bbox 824 1141 860 1198; x_wconf 84' lang='lat' dir='ltr'><em>fi</em></span> <span class='ocrx_word' id='word_1_102' title='bbox 887 1144 930 1188; x_wconf 86' lang='lat' dir='ltr'><em>in</em></span> <span class='ocrx_word' id='word_1_103' title='bbox 951 1140 1144 1188; x_wconf 81' lang='lat' dir='ltr'><em>omnibus</em></span> 
     </span>
     <span class='ocr_line' id='line_1_16' title="bbox 54 1205 1145 1268; baseline 0.001 -16"><span class='ocrx_word' id='word_1_104' title='bbox 54 1205 204 1267; x_wconf 84' lang='lat' dir='ltr'><em>fluidis</em></span> <span class='ocrx_word' id='word_1_105' title='bbox 228 1238 242 1257; x_wconf 90' lang='lat'>‚</span> <span class='ocrx_word' id='word_1_106' title='bbox 265 1222 441 1267; x_wconf 81' lang='lat' dir='ltr'><em>quorum</em></span> <span class='ocrx_word' id='word_1_107' title='bbox 458 1209 704 1266; x_wconf 79' lang='lat' dir='ltr'><em>gravitates</em></span> <span class='ocrx_word' id='word_1_108' title='bbox 714 1205 929 1268; x_wconf 77' lang='lat' dir='ltr'><em>specificas</em></span> <span class='ocrx_word' id='word_1_109' title='bbox 963 1210 1077 1253; x_wconf 87' lang='lat' dir='ltr'><em>inter</em></span> <span class='ocrx_word' id='word_1_110' title='bbox 1101 1208 1145 1264; x_wconf 63' lang='lat' dir='ltr'><em>J}</em></span> 
     </span>
     <span class='ocr_line' id='line_1_17' title="bbox 58 1271 1143 1335; baseline -0.001 -15"><span class='ocrx_word' id='word_1_111' title='bbox 58 1271 251 1332; x_wconf 76' lang='lat' dir='ltr'><em>conferre</em></span> <span class='ocrx_word' id='word_1_112' title='bbox 269 1272 458 1317; x_wconf 73' lang='lat' dir='ltr'><em>volueris</em></span> <span class='ocrx_word' id='word_1_113' title='bbox 480 1308 493 1323; x_wconf 87' lang='lat'><em>,</em></span> <span class='ocrx_word' id='word_1_114' title='bbox 521 1276 695 1319; x_wconf 80' lang='lat' dir='ltr'><em>eandem</em></span> <span class='ocrx_word' id='word_1_115' title='bbox 711 1273 781 1330; x_wconf 84' lang='lat' dir='ltr'><em>fili</em></span> <span class='ocrx_word' id='word_1_116' title='bbox 794 1277 1034 1335; x_wconf 85' lang='lat' dir='ltr'><em>portionem</em></span> <span class='ocrx_word' id='word_1_117' title='bbox 1059 1291 1143 1319; x_wconf 85' lang='lat' dir='ltr'><em>una</em></span> 
     </span>
     <span class='ocr_line' id='line_1_18' title="bbox 58 1338 1144 1401; baseline 0 -16"><span class='ocrx_word' id='word_1_118' title='bbox 58 1338 294 1395; x_wconf 64' lang='lat' dir='ltr'><em>cumffilido</em></span> <span class='ocrx_word' id='word_1_119' title='bbox 318 1341 559 1397; x_wconf 74' lang='lat' dir='ltr'><em>immergas.</em></span> <span class='ocrx_word' id='word_1_120' title='bbox 629 1342 759 1401; x_wconf 35' lang='lat' dir='ltr'><em>‘Qia</em></span> <span class='ocrx_word' id='word_1_121' title='bbox 794 1342 925 1385; x_wconf 84' lang='lat' dir='ltr'><em>crinis</em></span> <span class='ocrx_word' id='word_1_122' title='bbox 966 1343 1144 1401; x_wconf 84' lang='lat' dir='ltr'><em>equinus</em></span> 
     </span>
     <span class='ocr_line' id='line_1_19' title="bbox 58 1403 1145 1467; baseline 0.001 -16"><span class='ocrx_word' id='word_1_123' title='bbox 58 1407 230 1452; x_wconf 87' lang='lat' dir='ltr'><em>eandem</em></span> <span class='ocrx_word' id='word_1_124' title='bbox 242 1403 337 1463; x_wconf 78' lang='lat' dir='ltr'><em>fere</em></span> <span class='ocrx_word' id='word_1_125' title='bbox 353 1421 447 1449; x_wconf 82' lang='lat' dir='ltr'><em>cum</em></span> <span class='ocrx_word' id='word_1_126' title='bbox 475 1421 586 1467; x_wconf 79' lang='lat' dir='ltr'><em>aqua</em></span> <span class='ocrx_word' id='word_1_127' title='bbox 618 1408 889 1464; x_wconf 82' lang='lat' dir='ltr'><em>gravitatem</em></span> <span class='ocrx_word' id='word_1_128' title='bbox 908 1404 1145 1467; x_wconf 70' lang='lat' dir='ltr'><em>specificam</em></span> 
     </span>
     <span class='ocr_line' id='line_1_20' title="bbox 56 1468 1147 1536; baseline 0 -16"><span class='ocrx_word' id='word_1_129' title='bbox 56 1468 209 1522; x_wconf 79' lang='lat' dir='ltr'><em>habet3</em></span> <span class='ocrx_word' id='word_1_130' title='bbox 236 1473 524 1532; x_wconf 82' lang='lat' dir='ltr'><em>experimenta</em></span> <span class='ocrx_word' id='word_1_131' title='bbox 545 1472 850 1533; x_wconf 79' lang='lat' dir='ltr'><em>Hydrostatica</em></span> <span class='ocrx_word' id='word_1_132' title='bbox 869 1475 913 1518; x_wconf 89' lang='lat' dir='ltr'><em>in</em></span> <span class='ocrx_word' id='word_1_133' title='bbox 932 1489 1042 1536; x_wconf 83' lang='lat' dir='ltr'><em>aqua</em></span> <span class='ocrx_word' id='word_1_134' title='bbox 1066 1473 1147 1532; x_wconf 87' lang='lat' dir='ltr'><em>ins-</em></span> 
     </span>
     <span class='ocr_line' id='line_1_21' title="bbox 58 1538 941 1601; baseline -0.001 -15"><span class='ocrx_word' id='word_1_135' title='bbox 58 1539 242 1586; x_wconf 77' lang='lat' dir='ltr'><em>tituturi</em></span> <span class='ocrx_word' id='word_1_136' title='bbox 268 1553 322 1583; x_wconf 87' lang='lat' dir='ltr'><em>ex</em></span> <span class='ocrx_word' id='word_1_137' title='bbox 355 1540 497 1584; x_wconf 86' lang='lat' dir='ltr'><em>eodem</em></span> <span class='ocrx_word' id='word_1_138' title='bbox 517 1538 651 1595; x_wconf 81' lang='lat' dir='ltr'><em>solida</em></span> <span class='ocrx_word' id='word_1_139' title='bbox 677 1539 941 1601; x_wconf 73' lang='lat' dir='ltr'><em>suspendunt.</em></span> 
     </span>
    </p>
   </div>
   <div class='ocr_carea' id='block_1_5' title="bbox 300 1653 922 1708">
    <p class='ocr_par' dir='ltr' id='par_1_5' title="bbox 300 1653 922 1708">
     <span class='ocr_line' id='line_1_22' title="bbox 300 1653 922 1708; baseline 0.005 -4"><span class='ocrx_word' id='word_1_140' title='bbox 300 1653 744 1707; x_wconf 76' lang='lat' dir='ltr'>PRoBLEMA</span> <span class='ocrx_word' id='word_1_141' title='bbox 805 1654 922 1708; x_wconf 89' lang='lat' dir='ltr'><strong>III.</strong></span> 
     </span>
    </p>
   </div>
   <div class='ocr_carea' id='block_1_6' title="bbox 59 1747 1145 1958">
    <p class='ocr_par' dir='ltr' id='par_1_6' title="bbox 59 1747 1145 1958">
     <span class='ocr_line' id='line_1_23' title="bbox 134 1747 1145 1821; baseline 0.005 -21"><span class='ocrx_word' id='word_1_142' title='bbox 134 1757 230 1813; x_wconf 73' lang='lat'><em>71.</em></span> <span class='ocrx_word' id='word_1_143' title='bbox 275 1747 538 1810; x_wconf 80' lang='lat' dir='ltr'><em>Invenire,</em></span> <span class='ocrx_word' id='word_1_144' title='bbox 588 1769 752 1802; x_wconf 76' lang='lat' dir='ltr'><em>utrum</em></span> <span class='ocrx_word' id='word_1_145' title='bbox 791 1766 961 1820; x_wconf 81' lang='lat' dir='ltr'><em>partes</em></span> <span class='ocrx_word' id='word_1_146' title='bbox 987 1752 1145 1821; x_wconf 80' lang='lat' dir='ltr'><em>fluidi</em></span> 
     </span>
     <span class='ocr_line' id='line_1_24' title="bbox 59 1827 1142 1899; baseline 0.001 -19"><span class='ocrx_word' id='word_1_147' title='bbox 59 1827 313 1897; x_wconf 83' lang='lat' dir='ltr'><em>inferiores</em></span> <span class='ocrx_word' id='word_1_148' title='bbox 349 1832 720 1898; x_wconf 78' lang='lat' dir='ltr'><em>comprimantur</em></span> <span class='ocrx_word' id='word_1_149' title='bbox 746 1827 778 1879; x_wconf 68' lang='lat' dir='ltr'><em>a</em></span> <span class='ocrx_word' id='word_1_150' title='bbox 792 1829 1142 1899; x_wconf 74' lang='lat' dir='ltr'><em>superioribus,</em></span> 
     </span>
     <span class='ocr_line' id='line_1_25' title="bbox 59 1924 260 1958; baseline 0 -1"><span class='ocrx_word' id='word_1_151' title='bbox 59 1925 143 1958; x_wconf 85' lang='lat' dir='ltr'><em>nec</em></span> <span class='ocrx_word' id='word_1_152' title='bbox 187 1924 260 1957; x_wconf 84' lang='lat' dir='ltr'><em>ne.</em></span> 
     </span>
    </p>
   </div>
   <div class='ocr_carea' id='block_1_7' title="bbox 248 2031 932 2085">
    <p class='ocr_par' dir='ltr' id='par_1_7' title="bbox 248 2031 932 2085">
     <span class='ocr_line' id='line_1_26' title="bbox 248 2031 932 2085; baseline 0.001 -1"><span class='ocrx_word' id='word_1_153' title='bbox 248 2031 932 2085; x_wconf 74' lang='lat' dir='ltr'>RfisoLUTIO.</span> 
     </span>
    </p>
   </div>
   <div class='ocr_carea' id='block_1_8' title="bbox 0 2133 1144 3451">
    <p class='ocr_par' dir='ltr' id='par_1_8' title="bbox 0 2133 1144 3369">
     <span class='ocr_line' id='line_1_27' title="bbox 137 2133 1141 2205; baseline 0.004 -17"><span class='ocrx_word' id='word_1_154' title='bbox 137 2133 438 2203; x_wconf 74' lang='lat' dir='ltr'><em>Exploretur</em></span> <span class='ocrx_word' id='word_1_155' title='bbox 475 2152 560 2205; x_wconf 79' lang='lat' dir='ltr'><em>per</em></span> <span class='ocrx_word' id='word_1_156' title='bbox 600 2136 761 2189; x_wconf 74' lang='lat' dir='ltr'><em>Probi.</em></span> <span class='ocrx_word' id='word_1_157' title='bbox 795 2148 843 2192; x_wconf 81' lang='lat'><em>2.</em></span> <span class='ocrx_word' id='word_1_158' title='bbox 888 2133 971 2204; x_wconf 58' lang='grc' dir='ltr'><em>(ς.</em></span> <span class='ocrx_word' id='word_1_159' title='bbox 1000 2144 1070 2192; x_wconf 91' lang='lat'><em>66</em></span> <span class='ocrx_word' id='word_1_160' title='bbox 1102 2134 1141 2197; x_wconf 77' lang='lat'><em>]‚</em></span> 
     </span>
     <span class='ocr_line' id='line_1_28' title="bbox 61 2210 1142 2284; baseline 0 -20"><span class='ocrx_word' id='word_1_161' title='bbox 61 2227 324 2284; x_wconf 78' lang='lat' dir='ltr'><em>quamnam</em></span> <span class='ocrx_word' id='word_1_162' title='bbox 360 2211 587 2282; x_wconf 68' lang='lat' dir='ltr'><em>ponderis</em></span> <span class='ocrx_word' id='word_1_163' title='bbox 611 2210 676 2265; x_wconf 80' lang='lat' dir='ltr'><em>sui</em></span> <span class='ocrx_word' id='word_1_164' title='bbox 717 2230 905 2284; x_wconf 77' lang='lat' dir='ltr'><em>partem</em></span> <span class='ocrx_word' id='word_1_165' title='bbox 950 2216 1142 2267; x_wconf 79' lang='lat' dir='ltr'><em>amittat</em></span> 
     </span>
     <span class='ocr_line' id='line_1_29' title="bbox 58 2287 1140 2357; baseline 0.001 -15"><span class='ocrx_word' id='word_1_166' title='bbox 58 2290 187 2343; x_wconf 81' lang='lat' dir='ltr'><em>idem</em></span> <span class='ocrx_word' id='word_1_167' title='bbox 228 2287 435 2342; x_wconf 82' lang='lat' dir='ltr'><em>solidum</em></span> <span class='ocrx_word' id='word_1_168' title='bbox 461 2289 508 2341; x_wconf 87' lang='lat' dir='ltr'><em>in</em></span> <span class='ocrx_word' id='word_1_169' title='bbox 526 2290 721 2342; x_wconf 78' lang='lat' dir='ltr'><em>diverfis</em></span> <span class='ocrx_word' id='word_1_170' title='bbox 748 2289 961 2357; x_wconf 79' lang='lat' dir='ltr'><em>ejusdem</em></span> <span class='ocrx_word' id='word_1_171' title='bbox 1005 2291 1140 2344; x_wconf 84' lang='lat' dir='ltr'><em>fluidi</em></span> 
     </span>
     <span class='ocr_line' id='line_1_30' title="bbox 57 2366 1141 2440; baseline 0.002 -21"><span class='ocrx_word' id='word_1_172' title='bbox 57 2366 505 2440; x_wconf 69' lang='lat' dir='ltr'><em>profunditatib05‚</em></span> <span class='ocrx_word' id='word_1_173' title='bbox 535 2369 602 2420; x_wconf 82' lang='lat' dir='ltr'><em>ita</em></span> <span class='ocrx_word' id='word_1_174' title='bbox 637 2386 690 2420; x_wconf 90' lang='lat' dir='ltr'><em>ut</em></span> <span class='ocrx_word' id='word_1_175' title='bbox 747 2370 871 2421; x_wconf 84' lang='lat' dir='ltr'>ratio</span> <span class='ocrx_word' id='word_1_176' title='bbox 899 2369 1141 2423; x_wconf 79' lang='lat' dir='ltr'><em>habeatur</em></span> 
     </span>
     <span class='ocr_line' id='line_1_31' title="bbox 58 2443 1137 2515; baseline 0.003 -17"><span class='ocrx_word' id='word_1_177' title='bbox 58 2446 295 2498; x_wconf 78' lang='lat' dir='ltr'><em>cautionis</em></span> <span class='ocrx_word' id='word_1_178' title='bbox 334 2443 489 2499; x_wconf 81' lang='lat' dir='ltr'><em>modo</em></span> <span class='ocrx_word' id='word_1_179' title='bbox 539 2448 895 2501; x_wconf 66' lang='lat' dir='ltr'><em>commendatae</em></span> <span class='ocrx_word' id='word_1_180' title='bbox 919 2454 937 2510; x_wconf 91' lang='lat'>(</span> <span class='ocrx_word' id='word_1_181' title='bbox 960 2453 1137 2515; x_wconf 82' lang='lat'>§.70).</span> 
     </span>
     <span class='ocr_line' id='line_1_32' title="bbox 0 2520 1138 2595; baseline 0.003 -21"><span class='ocrx_word' id='word_1_182' title='bbox 0 2566 1 2586; x_wconf 22' lang='grc' dir='ltr'>ἶ</span> <span class='ocrx_word' id='word_1_183' title='bbox 54 2520 244 2593; x_wconf 78' lang='lat' dir='ltr'><em>Qodfi</em></span> <span class='ocrx_word' id='word_1_184' title='bbox 283 2524 409 2576; x_wconf 81' lang='lat' dir='ltr'><em>enim</em></span> <span class='ocrx_word' id='word_1_185' title='bbox 461 2524 654 2595; x_wconf 82' lang='lat' dir='ltr'><em>pondus</em></span> <span class='ocrx_word' id='word_1_186' title='bbox 680 2523 709 2578; x_wconf 70' lang='grc' dir='ltr'><em>εἰ</em></span> <span class='ocrx_word' id='word_1_187' title='bbox 756 2523 915 2577; x_wconf 51' lang='lat' dir='ltr'><em>solido</em></span> <span class='ocrx_word' id='word_1_188' title='bbox 958 2524 1138 2578; x_wconf 79' lang='lat' dir='ltr'>soloin</span> 
     </span>
     <span class='ocr_line' id='line_1_33' title="bbox 53 2597 1137 2673; baseline 0.001 -19"><span class='ocrx_word' id='word_1_189' title='bbox 53 2600 247 2654; x_wconf 62' lang='lat' dir='ltr'><em>divertis</em></span> <span class='ocrx_word' id='word_1_190' title='bbox 296 2600 714 2673; x_wconf 76' lang='lat' dir='ltr'><em>profunditatibus</em></span> <span class='ocrx_word' id='word_1_191' title='bbox 762 2597 980 2656; x_wconf 69' lang='lat' dir='ltr'><em>amfffum</em></span> <span class='ocrx_word' id='word_1_192' title='bbox 1005 2603 1137 2656; x_wconf 83' lang='lat' dir='ltr'><em>idem</em></span> 
     </span>
     <span class='ocr_line' id='line_1_34' title="bbox 51 2676 1140 2754; baseline 0.003 -23"><span class='ocrx_word' id='word_1_193' title='bbox 51 2676 195 2732; x_wconf 84' lang='lat' dir='ltr'><em>fuerit</em></span> <span class='ocrx_word' id='word_1_194' title='bbox 222 2717 237 2740; x_wconf 87' lang='lat'>,</span> <span class='ocrx_word' id='word_1_195' title='bbox 288 2679 463 2732; x_wconf 81' lang='lat' dir='ltr'><em>eadem</em></span> <span class='ocrx_word' id='word_1_196' title='bbox 499 2681 593 2733; x_wconf 84' lang='lat' dir='ltr'><em>erit</em></span> <span class='ocrx_word' id='word_1_197' title='bbox 619 2682 835 2753; x_wconf 84' lang='lat' dir='ltr'><em>gravitas</em></span> <span class='ocrx_word' id='word_1_198' title='bbox 861 2682 997 2734; x_wconf 76' lang='lat' dir='ltr'><em>fluidi</em></span> <span class='ocrx_word' id='word_1_199' title='bbox 1039 2679 1140 2754; x_wconf 79' lang='lat' dir='ltr'><em>spe-</em></span> 
     </span>
     <span class='ocr_line' id='line_1_35' title="bbox 51 2755 1137 2831; baseline 0.004 -23"><span class='ocrx_word' id='word_1_200' title='bbox 51 2755 184 2809; x_wconf 84' lang='lat' dir='ltr'>cifica</span> <span class='ocrx_word' id='word_1_201' title='bbox 217 2755 263 2809; x_wconf 88' lang='lat' dir='ltr'><em>in</em></span> <span class='ocrx_word' id='word_1_202' title='bbox 289 2758 509 2828; x_wconf 85' lang='lat' dir='ltr'><em>partibus</em></span> <span class='ocrx_word' id='word_1_203' title='bbox 546 2757 862 2812; x_wconf 83' lang='lat' dir='ltr'><em>inferioribus</em></span> <span class='ocrx_word' id='word_1_204' title='bbox 891 2799 904 2821; x_wconf 78' lang='lat'>,</span> <span class='ocrx_word' id='word_1_205' title='bbox 943 2777 1050 2831; x_wconf 79' lang='lat' dir='ltr'><em>quae</em></span> <span class='ocrx_word' id='word_1_206' title='bbox 1089 2760 1137 2813; x_wconf 90' lang='lat' dir='ltr'><em>in</em></span> 
     </span>
     <span class='ocr_line' id='line_1_36' title="bbox 49 2829 1139 2908; baseline 0.005 -23"><span class='ocrx_word' id='word_1_207' title='bbox 49 2829 371 2905; x_wconf 86' lang='lat' dir='ltr'><em>superioribus</em></span> <span class='ocrx_word' id='word_1_208' title='bbox 418 2836 440 2905; x_wconf 88' lang='lat'>(</span> <span class='ocrx_word' id='word_1_209' title='bbox 482 2843 526 2897; x_wconf 87' lang='lat'><em>§.</em></span> <span class='ocrx_word' id='word_1_210' title='bbox 583 2850 643 2903; x_wconf 80' lang='lat'><em>55</em></span> <span class='ocrx_word' id='word_1_211' title='bbox 683 2843 735 2900; x_wconf 71' lang='lat'><em>),</em></span> <span class='ocrx_word' id='word_1_212' title='bbox 784 2835 1139 2908; x_wconf 82' lang='lat' dir='ltr'>consequenter</span> 
     </span>
     <span class='ocr_line' id='line_1_37' title="bbox 50 2911 1139 2984; baseline 0.004 -21"><span class='ocrx_word' id='word_1_213' title='bbox 50 2911 220 2964; x_wconf 83' lang='lat' dir='ltr'><em>eadem</em></span> <span class='ocrx_word' id='word_1_214' title='bbox 259 2912 468 2965; x_wconf 80' lang='lat' dir='ltr'><em>denfitas</em></span> <span class='ocrx_word' id='word_1_215' title='bbox 493 2912 514 2982; x_wconf 89' lang='lat'><strong>(</strong></span> <span class='ocrx_word' id='word_1_216' title='bbox 535 2921 579 2976; x_wconf 85' lang='lat'><em>§.</em></span> <span class='ocrx_word' id='word_1_217' title='bbox 611 2928 675 2980; x_wconf 83' lang='grc'><em>33</em></span> <span class='ocrx_word' id='word_1_218' title='bbox 702 2913 740 2984; x_wconf 87' lang='grc'><em>).</em></span> <span class='ocrx_word' id='word_1_219' title='bbox 798 2915 992 2984; x_wconf 72' lang='lat' dir='ltr'><em>Quodsi</em></span> <span class='ocrx_word' id='word_1_220' title='bbox 1018 2933 1139 2968; x_wconf 85' lang='lat' dir='ltr'><em>vero</em></span> 
     </span>
     <span class='ocr_line' id='line_1_38' title="bbox 48 2985 1139 3061; baseline 0.005 -21"><span class='ocrx_word' id='word_1_221' title='bbox 48 2985 96 3041; x_wconf 78' lang='lat' dir='ltr'><em>in</em></span> <span class='ocrx_word' id='word_1_222' title='bbox 138 2988 476 3060; x_wconf 80' lang='lat' dir='ltr'>profunditate</span> <span class='ocrx_word' id='word_1_223' title='bbox 525 2991 715 3058; x_wconf 80' lang='lat' dir='ltr'><em>majore</em></span> <span class='ocrx_word' id='word_1_224' title='bbox 757 2992 957 3061; x_wconf 85' lang='lat' dir='ltr'><em>pondus</em></span> <span class='ocrx_word' id='word_1_225' title='bbox 984 2994 1139 3060; x_wconf 82' lang='lat' dir='ltr'>majus</span> 
     </span>
     <span class='ocr_line' id='line_1_39' title="bbox 47 3066 1142 3142; baseline 0.005 -24"><span class='ocrx_word' id='word_1_226' title='bbox 47 3066 319 3129; x_wconf 81' lang='lat' dir='ltr'><em>amittitur,</em></span> <span class='ocrx_word' id='word_1_227' title='bbox 344 3086 496 3139; x_wconf 83' lang='lat' dir='ltr'><em>quam</em></span> <span class='ocrx_word' id='word_1_228' title='bbox 525 3068 574 3121; x_wconf 89' lang='lat' dir='ltr'><em>in</em></span> <span class='ocrx_word' id='word_1_229' title='bbox 622 3069 812 3122; x_wconf 85' lang='lat' dir='ltr'><em>minore</em></span> <span class='ocrx_word' id='word_1_230' title='bbox 829 3094 844 3128; x_wconf 85' lang='lat'><em>,-</em></span> <span class='ocrx_word' id='word_1_231' title='bbox 881 3070 930 3123; x_wconf 86' lang='lat' dir='ltr'><em>in</em></span> <span class='ocrx_word' id='word_1_232' title='bbox 977 3072 1142 3142; x_wconf 84' lang='lat' dir='ltr'><em>priore</em></span> 
     </span>
     <span class='ocr_line' id='line_1_40' title="bbox 46 3140 1143 3217; baseline 0.005 -22"><span class='ocrx_word' id='word_1_233' title='bbox 46 3140 154 3196; x_wconf 74' lang='lat' dir='ltr'>casu</span> <span class='ocrx_word' id='word_1_234' title='bbox 195 3146 405 3215; x_wconf 77' lang='lat' dir='ltr'><em>gravitas</em></span> <span class='ocrx_word' id='word_1_235' title='bbox 442 3143 664 3217; x_wconf 82' lang='lat' dir='ltr'><em>specifica</em></span> <span class='ocrx_word' id='word_1_236' title='bbox 691 3150 714 3210; x_wconf 91' lang='lat'><em>(</em></span> <span class='ocrx_word' id='word_1_237' title='bbox 730 3153 781 3206; x_wconf 83' lang='lat'><em>§.</em></span> <span class='ocrx_word' id='word_1_238' title='bbox 828 3158 860 3204; x_wconf 90' lang='lat'><strong>6</strong></span> <span class='ocrx_word' id='word_1_239' title='bbox 891 3152 930 3212; x_wconf 81' lang='grc'><em>&gt;,</em></span> <span class='ocrx_word' id='word_1_240' title='bbox 975 3146 1143 3202; x_wconf 79' lang='lat' dir='ltr'><em>conse-</em></span> 
     </span>
     <span class='ocr_line' id='line_1_41' title="bbox 7 3221 1144 3292; baseline 0.007 -21"><span class='ocrx_word' id='word_1_241' title='bbox 7 3232 8 3267; x_wconf 61' lang='lat'>}</span> <span class='ocrx_word' id='word_1_242' title='bbox 50 3235 260 3290; x_wconf 82' lang='lat' dir='ltr'><em>quenter</em></span> <span class='ocrx_word' id='word_1_243' title='bbox 292 3226 345 3276; x_wconf 85' lang='lat'>&amp;</span> <span class='ocrx_word' id='word_1_244' title='bbox 379 3223 619 3287; x_wconf 69' lang='lat' dir='ltr'><em>densitas(</em></span> <span class='ocrx_word' id='word_1_245' title='bbox 639 3227 683 3283; x_wconf 83' lang='lat'><em>§.</em></span> <span class='ocrx_word' id='word_1_246' title='bbox 720 3237 786 3287; x_wconf 86' lang='lat'><em>33</em></span> <span class='ocrx_word' id='word_1_247' title='bbox 815 3221 854 3292; x_wconf 82' lang='lat'><em>),</em></span> <span class='ocrx_word' id='word_1_248' title='bbox 874 3226 1033 3292; x_wconf 85' lang='lat' dir='ltr'>major</span> <span class='ocrx_word' id='word_1_249' title='bbox 1056 3227 1144 3279; x_wconf 76' lang='lat' dir='ltr'><em>erit</em></span> 
     </span>
     <span class='ocr_line' id='line_1_42' title="bbox 57 3300 866 3369; baseline 0.005 -20"><span class='ocrx_word' id='word_1_250' title='bbox 57 3311 206 3367; x_wconf 88' lang='lat' dir='ltr'><em>quam</em></span> <span class='ocrx_word' id='word_1_251' title='bbox 244 3300 291 3351; x_wconf 84' lang='lat' dir='ltr'><em>in</em></span> <span class='ocrx_word' id='word_1_252' title='bbox 314 3301 490 3355; x_wconf 78' lang='lat' dir='ltr'><em>altero,</em></span> <span class='ocrx_word' id='word_1_253' title='bbox 527 3301 653 3369; x_wconf 37' lang='grc' dir='ltr'><em>ζα.</em></span> <span class='ocrx_word' id='word_1_254' title='bbox 681 3306 717 3353; x_wconf 88' lang='lat' dir='ltr'><em>i.</em></span> <span class='ocrx_word' id='word_1_255' title='bbox 739 3308 795 3359; x_wconf 67' lang='lat'><em>&amp;⁴</em></span> <span class='ocrx_word' id='word_1_256' title='bbox 818 3303 866 3353; x_wconf 87' lang='lat' dir='ltr'><em>d.</em></span> 
     </span>
    </p>

    <p class='ocr_par' dir='ltr' id='par_1_9' title="bbox 147 3378 1027 3451">
     <span class='ocr_line' id='line_1_43' title="bbox 147 3378 1027 3451; baseline 0 -19"><span class='ocrx_word' id='word_1_257' title='bbox 147 3378 306 3448; x_wconf 41' lang='lat' dir='ltr'><em>Usa-[fii</em></span> <span class='ocrx_word' id='word_1_258' title='bbox 320 3380 462 3451; x_wconf 79' lang='lat' dir='ltr'><em>Oper.</em></span> <span class='ocrx_word' id='word_1_259' title='bbox 485 3379 739 3433; x_wconf 83' lang='lat' dir='ltr'><em>Mathem.</em></span> <span class='ocrx_word' id='word_1_260' title='bbox 765 3383 914 3432; x_wconf 86' lang='lat' dir='ltr'><em>Tom.</em></span> <span class='ocrx_word' id='word_1_261' title='bbox 946 3378 1027 3432; x_wconf 88' lang='lat' dir='ltr'><em>II.</em></span> 
     </span>
    </p>
   </div>
   <div class='ocr_carea' id='block_1_9' title="bbox 1243 342 2350 1603">
    <p class='ocr_par' dir='ltr' id='par_1_10' title="bbox 1541 342 2048 408">
     <span class='ocr_line' id='line_1_44' title="bbox 1541 342 2048 408; baseline 0.016 -15"><span class='ocrx_word' id='word_1_262' title='bbox 1541 357 1545 360; x_wconf 52' lang='lat'><strong>⁴</strong></span> <span class='ocrx_word' id='word_1_263' title='bbox 1574 342 1609 395; x_wconf 88' lang='lat' dir='ltr'>S</span> <span class='ocrx_word' id='word_1_264' title='bbox 1636 359 1667 394; x_wconf 86' lang='lat' dir='ltr'><strong>c</strong></span> <span class='ocrx_word' id='word_1_265' title='bbox 1697 358 1732 394; x_wconf 87' lang='lat' dir='ltr'>H</span> <span class='ocrx_word' id='word_1_266' title='bbox 1765 361 1799 396; x_wconf 95' lang='lat'><em>0</em></span> <span class='ocrx_word' id='word_1_267' title='bbox 1819 360 1856 408; x_wconf 34' lang='lat' dir='ltr'><em>‘L</em></span> <span class='ocrx_word' id='word_1_268' title='bbox 1883 362 1899 398; x_wconf 88' lang='lat'>1</span> <span class='ocrx_word' id='word_1_269' title='bbox 1928 365 1962 399; x_wconf 95' lang='lat' dir='ltr'>o</span> <span class='ocrx_word' id='word_1_270' title='bbox 1989 362 2048 401; x_wconf 82' lang='lat' dir='ltr'><em>N.</em></span> 
     </span>
    </p>

    <p class='ocr_par' dir='ltr' id='par_1_11' title="bbox 1243 421 2350 1603">
     <span class='ocr_line' id='line_1_45' title="bbox 1332 421 2344 487; baseline 0.006 -22"><span class='ocrx_word' id='word_1_271' title='bbox 1332 434 1412 471; x_wconf 84' lang='lat'><em>72·</em></span> <span class='ocrx_word' id='word_1_272' title='bbox 1458 422 1666 467; x_wconf 84' lang='lat' dir='ltr'><em>Tentavit</em></span> <span class='ocrx_word' id='word_1_273' title='bbox 1698 421 1844 469; x_wconf 85' lang='lat' dir='ltr'><em>hocin</em></span> <span class='ocrx_word' id='word_1_274' title='bbox 1874 441 1988 487; x_wconf 86' lang='lat' dir='ltr'><em>aqua</em></span> <span class='ocrx_word' id='word_1_275' title='bbox 2017 428 2344 472; x_wconf 77' lang='lat' dir='ltr'>FRANCISCUS</span> 
     </span>
     <span class='ocr_line' id='line_1_46' title="bbox 1264 485 2350 554; baseline 0.006 -25"><span class='ocrx_word' id='word_1_276' title='bbox 1264 485 1480 533; x_wconf 74' lang='lat' dir='ltr'>TEthus</span> <span class='ocrx_word' id='word_1_277' title='bbox 1515 502 1577 531; x_wconf 79' lang='lat' dir='ltr'><em>DE</em></span> <span class='ocrx_word' id='word_1_278' title='bbox 1618 490 1770 535; x_wconf 73' lang='lat' dir='ltr'>LANts</span> <span class='ocrx_word' id='word_1_279' title='bbox 1807 488 1918 548; x_wconf 87' lang='lat' dir='ltr'><em>(a).</em></span> <span class='ocrx_word' id='word_1_280' title='bbox 1987 495 2175 554; x_wconf 88' lang='lat' dir='ltr'><em>Accepto</em></span> <span class='ocrx_word' id='word_1_281' title='bbox 2206 503 2350 537; x_wconf 83' lang='lat' dir='ltr'><em>autem</em></span> 
     </span>
     <span class='ocr_line' id='line_1_47' title="bbox 1262 551 2349 617; baseline 0.007 -22"><span class='ocrx_word' id='word_1_282' title='bbox 1262 551 1358 607; x_wconf 85' lang='lat' dir='ltr'><em>vase</em></span> <span class='ocrx_word' id='word_1_283' title='bbox 1382 557 1561 600; x_wconf 83' lang='lat' dir='ltr'><em>duorum</em></span> <span class='ocrx_word' id='word_1_284' title='bbox 1586 556 1739 617; x_wconf 83' lang='lat' dir='ltr'><em>pedum</em></span> <span class='ocrx_word' id='word_1_285' title='bbox 1773 555 2033 608; x_wconf 77' lang='lat' dir='ltr'><em>altitudine,</em></span> <span class='ocrx_word' id='word_1_286' title='bbox 2057 574 2149 603; x_wconf 87' lang='lat' dir='ltr'><em>cum</em></span> <span class='ocrx_word' id='word_1_287' title='bbox 2172 555 2349 616; x_wconf 85' lang='lat' dir='ltr'><em>globum</em></span> 
     </span>
     <span class='ocr_line' id='line_1_48' title="bbox 1260 620 2346 685; baseline 0.007 -24"><span class='ocrx_word' id='word_1_288' title='bbox 1260 620 1449 666; x_wconf 82' lang='lat' dir='ltr'><em>vitreum</em></span> <span class='ocrx_word' id='word_1_289' title='bbox 1477 622 1611 668; x_wconf 85' lang='lat' dir='ltr'><em>eidem</em></span> <span class='ocrx_word' id='word_1_290' title='bbox 1640 624 1928 676; x_wconf 79' lang='lat' dir='ltr'><em>immitteret,</em></span> <span class='ocrx_word' id='word_1_291' title='bbox 1964 626 2039 685; x_wconf 86' lang='lat' dir='ltr'><em>qui</em></span> <span class='ocrx_word' id='word_1_292' title='bbox 2050 626 2215 685; x_wconf 86' lang='lat' dir='ltr'><em>pondus</em></span> <span class='ocrx_word' id='word_1_293' title='bbox 2230 638 2346 681; x_wconf 78' lang='lat' dir='ltr'><em>aquae</em></span> 
     </span>
     <span class='ocr_line' id='line_1_49' title="bbox 1266 686 2345 751; baseline 0.003 -21"><span class='ocrx_word' id='word_1_294' title='bbox 1266 689 1320 730; x_wconf 87' lang='lat'><em>18</em></span> <span class='ocrx_word' id='word_1_295' title='bbox 1356 690 1508 744; x_wconf 81' lang='lat' dir='ltr'><em>granis</em></span> <span class='ocrx_word' id='word_1_296' title='bbox 1544 686 1807 740; x_wconf 83' lang='lat' dir='ltr'><em>excedebat,</em></span> <span class='ocrx_word' id='word_1_297' title='bbox 1846 693 2021 736; x_wconf 82' lang='lat' dir='ltr'><em>eundem</em></span> <span class='ocrx_word' id='word_1_298' title='bbox 2058 705 2221 751; x_wconf 87' lang='lat' dir='ltr'><em>quoque</em></span> <span class='ocrx_word' id='word_1_299' title='bbox 2251 704 2345 734; x_wconf 85' lang='lat' dir='ltr'><em>cum</em></span> 
     </span>
     <span class='ocr_line' id='line_1_50' title="bbox 1257 754 2344 820; baseline 0.006 -27"><span class='ocrx_word' id='word_1_300' title='bbox 1257 754 1512 813; x_wconf 79' lang='lat' dir='ltr'><em>aequipondio</em></span> <span class='ocrx_word' id='word_1_301' title='bbox 1539 760 1591 801; x_wconf 80' lang='lat'><em>18</em></span> <span class='ocrx_word' id='word_1_302' title='bbox 1618 769 1853 814; x_wconf 79' lang='lat' dir='ltr'><em>granorum</em></span> <span class='ocrx_word' id='word_1_303' title='bbox 1875 754 2344 820; x_wconf 68' lang='lat' dir='ltr'><em>perfefiiffimumface-</em></span> 
     </span>
     <span class='ocr_line' id='line_1_51' title="bbox 1257 818 2341 883; baseline 0.005 -23"><span class='ocrx_word' id='word_1_304' title='bbox 1257 831 1304 860; x_wconf 90' lang='lat' dir='ltr'><em>re</em></span> <span class='ocrx_word' id='word_1_305' title='bbox 1329 818 1610 880; x_wconf 62' lang='lat' dir='ltr'><em>aequilibrium</em></span> <span class='ocrx_word' id='word_1_306' title='bbox 1647 835 1848 883; x_wconf 84' lang='lat' dir='ltr'><em>expertus</em></span> <span class='ocrx_word' id='word_1_307' title='bbox 1888 823 1958 877; x_wconf 79' lang='lat' dir='ltr'><em>est.</em></span> <span class='ocrx_word' id='word_1_308' title='bbox 2035 828 2138 868; x_wconf 86' lang='lat' dir='ltr'><em>Cum</em></span> <span class='ocrx_word' id='word_1_309' title='bbox 2166 822 2341 867; x_wconf 83' lang='lat' dir='ltr'><em>eundem</em></span> 
     </span>
     <span class='ocr_line' id='line_1_52' title="bbox 1256 887 2339 950; baseline 0.004 -23"><span class='ocrx_word' id='word_1_310' title='bbox 1256 898 1311 927; x_wconf 87' lang='lat' dir='ltr'><em>ex</em></span> <span class='ocrx_word' id='word_1_311' title='bbox 1334 887 1451 930; x_wconf 87' lang='lat' dir='ltr'><em>crine</em></span> <span class='ocrx_word' id='word_1_312' title='bbox 1485 890 1634 949; x_wconf 82' lang='lat' dir='ltr'><em>equino</em></span> <span class='ocrx_word' id='word_1_313' title='bbox 1659 890 1888 950; x_wconf 86' lang='lat' dir='ltr'><em>pendulum</em></span> <span class='ocrx_word' id='word_1_314' title='bbox 1912 893 1966 936; x_wconf 88' lang='lat' dir='ltr'><em>ad</em></span> <span class='ocrx_word' id='word_1_315' title='bbox 1999 887 2190 947; x_wconf 83' lang='lat' dir='ltr'><em>infimam</em></span> <span class='ocrx_word' id='word_1_316' title='bbox 2223 902 2339 948; x_wconf 82' lang='lat' dir='ltr'><em>aquae</em></span> 
     </span>
     <span class='ocr_line' id='line_1_53' title="bbox 1248 950 2341 1019; baseline 0.013 -25"><span class='ocrx_word' id='word_1_317' title='bbox 1248 950 1592 1010; x_wconf 78' lang='lat' dir='ltr'><em>profunditatem</em></span> <span class='ocrx_word' id='word_1_318' title='bbox 1628 956 1867 1012; x_wconf 79' lang='lat' dir='ltr'><em>descendere</em></span> <span class='ocrx_word' id='word_1_319' title='bbox 1888 959 2165 1019; x_wconf 84' lang='lat' dir='ltr'><em>permitteret</em></span> <span class='ocrx_word' id='word_1_320' title='bbox 2183 986 2198 1006; x_wconf 72' lang='lat'><em>2</em></span> <span class='ocrx_word' id='word_1_321' title='bbox 2234 965 2341 1014; x_wconf 77' lang='lat' dir='ltr'><em>POn-</em></span> 
     </span>
     <span class='ocr_line' id='line_1_54' title="bbox 1254 1018 2338 1085; baseline 0.003 -24"><span class='ocrx_word' id='word_1_322' title='bbox 1254 1018 1350 1063; x_wconf 89' lang='lat' dir='ltr'><em>deri</em></span> <span class='ocrx_word' id='word_1_323' title='bbox 1381 1019 1472 1078; x_wconf 88' lang='lat' dir='ltr'><em>ejus</em></span> <span class='ocrx_word' id='word_1_324' title='bbox 1489 1022 1711 1068; x_wconf 71' lang='lat' dir='ltr'><em>dimidium</em></span> <span class='ocrx_word' id='word_1_325' title='bbox 1738 1023 1903 1085; x_wconf 77' lang='lat' dir='ltr'><em>insuper</em></span> <span class='ocrx_word' id='word_1_326' title='bbox 1920 1039 2104 1085; x_wconf 79' lang='lat' dir='ltr'><em>granum</em></span> <span class='ocrx_word' id='word_1_327' title='bbox 2137 1022 2338 1067; x_wconf 83' lang='lat' dir='ltr'><em>decedere</em></span> 
     </span>
     <span class='ocr_line' id='line_1_55' title="bbox 1254 1081 2337 1149; baseline 0.004 -22"><span class='ocrx_word' id='word_1_328' title='bbox 1254 1081 1526 1139; x_wconf 75' lang='lat' dir='ltr'><em>observavit:</em></span> <span class='ocrx_word' id='word_1_329' title='bbox 1570 1091 1680 1149; x_wconf 86' lang='lat' dir='ltr'><em>quod</em></span> <span class='ocrx_word' id='word_1_330' title='bbox 1707 1101 1848 1135; x_wconf 86' lang='lat' dir='ltr'><em>tamen</em></span> <span class='ocrx_word' id='word_1_331' title='bbox 1894 1094 2204 1135; x_wconf 81' lang='lat' dir='ltr'><em>decrementum</em></span> <span class='ocrx_word' id='word_1_332' title='bbox 2233 1087 2337 1149; x_wconf 74' lang='lat' dir='ltr'><em>quia</em></span> 
     </span>
     <span class='ocr_line' id='line_1_56' title="bbox 1251 1151 2337 1218; baseline 0.004 -25"><span class='ocrx_word' id='word_1_333' title='bbox 1251 1151 1296 1193; x_wconf 87' lang='lat' dir='ltr'><em>in</em></span> <span class='ocrx_word' id='word_1_334' title='bbox 1326 1153 1485 1197; x_wconf 87' lang='lat' dir='ltr'><em>crinem</em></span> <span class='ocrx_word' id='word_1_335' title='bbox 1510 1157 1710 1215; x_wconf 79' lang='lat' dir='ltr'><em>equinum</em></span> <span class='ocrx_word' id='word_1_336' title='bbox 1730 1171 1844 1218; x_wconf 75' lang='lat' dir='ltr'><em>aquae</em></span> <span class='ocrx_word' id='word_1_337' title='bbox 1872 1173 1979 1202; x_wconf 85' lang='lat' dir='ltr'><em>nunc</em></span> <span class='ocrx_word' id='word_1_338' title='bbox 2012 1168 2150 1201; x_wconf 80' lang='lat' dir='ltr'><em>totum</em></span> <span class='ocrx_word' id='word_1_339' title='bbox 2165 1156 2337 1199; x_wconf 88' lang='lat' dir='ltr'><em>immer-</em></span> 
     </span>
     <span class='ocr_line' id='line_1_57' title="bbox 1243 1213 2336 1284; baseline 0.003 -24"><span class='ocrx_word' id='word_1_340' title='bbox 1243 1213 1336 1271; x_wconf 84' lang='lat' dir='ltr'><em>sum</em></span> <span class='ocrx_word' id='word_1_341' title='bbox 1365 1218 1518 1277; x_wconf 84' lang='lat' dir='ltr'><em>conjici</em></span> <span class='ocrx_word' id='word_1_342' title='bbox 1534 1219 1658 1266; x_wconf 82' lang='lat' dir='ltr'><em>debet</em></span> <span class='ocrx_word' id='word_1_343' title='bbox 1675 1253 1690 1273; x_wconf 91' lang='lat'>‚</span> <span class='ocrx_word' id='word_1_344' title='bbox 1712 1225 1863 1284; x_wconf 83' lang='lat' dir='ltr'><em>quippe</em></span> <span class='ocrx_word' id='word_1_345' title='bbox 1902 1235 2029 1269; x_wconf 87' lang='lat' dir='ltr'><em>extra</em></span> <span class='ocrx_word' id='word_1_346' title='bbox 2065 1237 2219 1283; x_wconf 84' lang='lat' dir='ltr'><em>aquam</em></span> <span class='ocrx_word' id='word_1_347' title='bbox 2234 1233 2336 1280; x_wconf 86' lang='lat' dir='ltr'><em>gra-</em></span> 
     </span>
     <span class='ocr_line' id='line_1_58' title="bbox 1252 1281 2338 1351; baseline 0.003 -24"><span class='ocrx_word' id='word_1_348' title='bbox 1252 1284 1297 1328; x_wconf 89' lang='lat' dir='ltr'><em>ni</em></span> <span class='ocrx_word' id='word_1_349' title='bbox 1314 1281 1464 1344; x_wconf 74' lang='lat' dir='ltr'><em>Jemiffi</em></span> <span class='ocrx_word' id='word_1_350' title='bbox 1487 1290 1894 1348; x_wconf 58' lang='lat' dir='ltr'><em>aequiponderantem</em></span> <span class='ocrx_word' id='word_1_351' title='bbox 1915 1325 1928 1341; x_wconf 87' lang='lat'><em>,</em></span> <span class='ocrx_word' id='word_1_352' title='bbox 1966 1303 2081 1351; x_wconf 69' lang='lat' dir='ltr'><em>aqua</em></span> <span class='ocrx_word' id='word_1_353' title='bbox 2096 1299 2242 1348; x_wconf 87' lang='lat' dir='ltr'><em>partes</em></span> <span class='ocrx_word' id='word_1_354' title='bbox 2270 1287 2338 1330; x_wconf 85' lang='lat' dir='ltr'><em>in-</em></span> 
     </span>
     <span class='ocr_line' id='line_1_59' title="bbox 1245 1347 2339 1415; baseline 0.004 -23"><span class='ocrx_word' id='word_1_355' title='bbox 1245 1347 1432 1407; x_wconf 78' lang='lat' dir='ltr'><em>feriores</em></span> <span class='ocrx_word' id='word_1_356' title='bbox 1456 1350 1482 1395; x_wconf 76' lang='lat' dir='ltr'><em>a</em></span> <span class='ocrx_word' id='word_1_357' title='bbox 1502 1352 1795 1414; x_wconf 83' lang='lat' dir='ltr'><em>superioribus</em></span> <span class='ocrx_word' id='word_1_358' title='bbox 1824 1357 1984 1401; x_wconf 81' lang='lat' dir='ltr'><em>nullam</em></span> <span class='ocrx_word' id='word_1_359' title='bbox 2011 1357 2108 1415; x_wconf 86' lang='lat' dir='ltr'><em>pati</em></span> <span class='ocrx_word' id='word_1_360' title='bbox 2138 1349 2339 1413; x_wconf 62' lang='lat' dir='ltr'><em>compre]L</em></span> 
     </span>
     <span class='ocr_line' id='line_1_60' title="bbox 1245 1414 2338 1480; baseline 0.002 -21"><span class='ocrx_word' id='word_1_361' title='bbox 1245 1414 1403 1473; x_wconf 81' lang='lat' dir='ltr'><em>fionem</em></span> <span class='ocrx_word' id='word_1_362' title='bbox 1431 1423 1623 1477; x_wconf 82' lang='lat' dir='ltr'><em>agnovit.</em></span> <span class='ocrx_word' id='word_1_363' title='bbox 1696 1423 1804 1467; x_wconf 76' lang='lat' dir='ltr'><em>IVon</em></span> <span class='ocrx_word' id='word_1_364' title='bbox 1831 1421 1984 1468; x_wconf 84' lang='lat' dir='ltr'><em>inutile</em></span> <span class='ocrx_word' id='word_1_365' title='bbox 1995 1420 2117 1480; x_wconf 79' lang='lat' dir='ltr'><em>foret</em></span> <span class='ocrx_word' id='word_1_366' title='bbox 2131 1421 2242 1465; x_wconf 88' lang='lat' dir='ltr'><em>idem</em></span> <span class='ocrx_word' id='word_1_367' title='bbox 2262 1432 2338 1462; x_wconf 90' lang='lat' dir='ltr'><em>ex-</em></span> 
     </span>
     <span class='ocr_line' id='line_1_61' title="bbox 1245 1481 2335 1603; baseline 0.002 -77"><span class='ocrx_word' id='word_1_368' title='bbox 1245 1485 1532 1603; x_wconf 45' lang='lat' dir='ltr'><em>pssimentum</em></span> <span class='ocrx_word' id='word_1_369' title='bbox 1579 1489 1624 1532; x_wconf 87' lang='lat' dir='ltr'><em>in</em></span> <span class='ocrx_word' id='word_1_370' title='bbox 1674 1486 2049 1550; x_wconf 76' lang='lat' dir='ltr'><em>profunditatibus</em></span> <span class='ocrx_word' id='word_1_371' title='bbox 2098 1481 2335 1547; x_wconf 85' lang='lat' dir='ltr'><em>majoribus</em></span> 
     </span>
     <span class='ocr_line' id='line_1_62' title="bbox 1250 1562 1485 1598; baseline 0.021 -5"><span class='ocrx_word' id='word_1_372' title='bbox 1250 1565 1294 1594; x_wconf 81' lang='lat' dir='ltr'><em>in</em></span> <span class='ocrx_word' id='word_1_373' title='bbox 1332 1562 1485 1598; x_wconf 79' lang='lat' dir='ltr'><em>ituere.</em></span> 
     </span>
    </p>
   </div>
   <div class='ocr_carea' id='block_1_10' title="bbox 1461 1670 2123 1723">
    <p class='ocr_par' dir='ltr' id='par_1_12' title="bbox 1461 1670 2123 1723">
     <span class='ocr_line' id='line_1_63' title="bbox 1461 1670 2123 1723; baseline 0.005 -3"><span class='ocrx_word' id='word_1_374' title='bbox 1461 1670 1925 1722; x_wconf 72' lang='lat' dir='ltr'>PRossLEMA</span> <span class='ocrx_word' id='word_1_375' title='bbox 2008 1670 2123 1723; x_wconf 88' lang='lat' dir='ltr'><em>IV.</em></span> 
     </span>
    </p>
   </div>
   <div class='ocr_carea' id='block_1_11' title="bbox 1233 1769 2334 2186">
    <p class='ocr_par' dir='ltr' id='par_1_13' title="bbox 1233 1769 2334 2076">
     <span class='ocr_line' id='line_1_64' title="bbox 1327 1769 2333 1837; baseline -0.006 -15"><span class='ocrx_word' id='word_1_376' title='bbox 1327 1783 1420 1835; x_wconf 89' lang='lat'><em>73.</em></span> <span class='ocrx_word' id='word_1_377' title='bbox 1479 1769 1817 1822; x_wconf 76' lang='lat' dir='ltr'><em>Determinare</em></span> <span class='ocrx_word' id='word_1_378' title='bbox 1862 1774 2099 1822; x_wconf 87' lang='lat' dir='ltr'><em>rationem</em></span> <span class='ocrx_word' id='word_1_379' title='bbox 2129 1803 2146 1827; x_wconf 83' lang='grc'>,</span> <span class='ocrx_word' id='word_1_380' title='bbox 2189 1782 2333 1837; x_wconf 82' lang='lat' dir='ltr'><em>quam</em></span> 
     </span>
     <span class='ocr_line' id='line_1_65' title="bbox 1247 1845 2334 1919; baseline -0.005 -21"><span class='ocrx_word' id='word_1_381' title='bbox 1247 1845 1388 1900; x_wconf 74' lang='lat' dir='ltr'><em>habet</em></span> <span class='ocrx_word' id='word_1_382' title='bbox 1421 1853 1656 1919; x_wconf 79' lang='lat' dir='ltr'><em>gravitas</em></span> <span class='ocrx_word' id='word_1_383' title='bbox 1689 1847 1908 1918; x_wconf 79' lang='lat' dir='ltr'><em>specifica</em></span> <span class='ocrx_word' id='word_1_384' title='bbox 1932 1847 2090 1916; x_wconf 85' lang='lat' dir='ltr'><em>fluidi</em></span> <span class='ocrx_word' id='word_1_385' title='bbox 2132 1845 2199 1895; x_wconf 82' lang='lat' dir='ltr'><em>ad</em></span> <span class='ocrx_word' id='word_1_386' title='bbox 2217 1860 2334 1913; x_wconf 84' lang='lat' dir='ltr'><em>gra-</em></span> 
     </span>
     <span class='ocr_line' id='line_1_66' title="bbox 1247 1919 2333 1996; baseline -0.004 -21"><span class='ocrx_word' id='word_1_387' title='bbox 1247 1929 1457 1977; x_wconf 77' lang='lat' dir='ltr'><em>vitatem</em></span> <span class='ocrx_word' id='word_1_388' title='bbox 1488 1928 1763 1996; x_wconf 68' lang='lat' dir='ltr'><em>specificam</em></span> <span class='ocrx_word' id='word_1_389' title='bbox 1818 1925 1957 1988; x_wconf 74' lang='lat' dir='ltr'><em>solidi</em></span> <span class='ocrx_word' id='word_1_390' title='bbox 2012 1923 2140 1995; x_wconf 84' lang='lat' dir='ltr'><em>quod</em></span> <span class='ocrx_word' id='word_1_391' title='bbox 2171 1919 2333 1992; x_wconf 77' lang='lat' dir='ltr'><em>fluido</em></span> 
     </span>
     <span class='ocr_line' id='line_1_67' title="bbox 1233 2003 1880 2076; baseline 0.002 -21"><span class='ocrx_word' id='word_1_392' title='bbox 1233 2003 1442 2076; x_wconf 80' lang='lat' dir='ltr'><em>specifice</em></span> <span class='ocrx_word' id='word_1_393' title='bbox 1462 2012 1675 2075; x_wconf 80' lang='lat' dir='ltr'><em>gravius</em></span> <span class='ocrx_word' id='word_1_394' title='bbox 1702 2004 1880 2071; x_wconf 76' lang='lat' dir='ltr'><em>existit.</em></span> 
     </span>
    </p>

    <p class='ocr_par' dir='ltr' id='par_1_14' title="bbox 1527 2134 2048 2186">
     <span class='ocr_line' id='line_1_68' title="bbox 1527 2134 2048 2186; baseline -0.01 0"><span class='ocrx_word' id='word_1_395' title='bbox 1527 2134 1566 2186; x_wconf 88' lang='lat' dir='ltr'><strong>R</strong></span> <span class='ocrx_word' id='word_1_396' title='bbox 1599 2146 1624 2182; x_wconf 82' lang='lat' dir='ltr'>E</span> <span class='ocrx_word' id='word_1_397' title='bbox 1654 2146 1674 2182; x_wconf 89' lang='lat' dir='ltr'><strong>s</strong></span> <span class='ocrx_word' id='word_1_398' title='bbox 1703 2147 1735 2181; x_wconf 92' lang='lat' dir='ltr'>o</span> <span class='ocrx_word' id='word_1_399' title='bbox 1765 2144 1793 2181; x_wconf 83' lang='lat' dir='ltr'>L</span> <span class='ocrx_word' id='word_1_400' title='bbox 1825 2146 1861 2183; x_wconf 85' lang='lat' dir='ltr'>U</span> <span class='ocrx_word' id='word_1_401' title='bbox 1892 2145 1924 2181; x_wconf 79' lang='grc' dir='ltr'>τ</span> <span class='ocrx_word' id='word_1_402' title='bbox 1952 2144 1969 2181; x_wconf 84' lang='lat'>1</span> <span class='ocrx_word' id='word_1_403' title='bbox 1996 2145 2048 2182; x_wconf 88' lang='lat'><em>0.</em></span> 
     </span>
    </p>
   </div>
   <div class='ocr_carea' id='block_1_12' title="bbox 1240 2225 2335 2855">
    <p class='ocr_par' dir='ltr' id='par_1_15' title="bbox 1240 2225 2335 2855">
     <span class='ocr_line' id='line_1_69' title="bbox 1324 2225 2335 2304; baseline -0.011 -13"><span class='ocrx_word' id='word_1_404' title='bbox 1324 2237 1630 2291; x_wconf 74' lang='lat' dir='ltr'><em>ponderetur</em></span> <span class='ocrx_word' id='word_1_405' title='bbox 1676 2228 1820 2286; x_wconf 76' lang='lat' dir='ltr'>massa</span> <span class='ocrx_word' id='word_1_406' title='bbox 1859 2230 2168 2304; x_wconf 79' lang='lat' dir='ltr'><em>quantalibet</em></span> <span class='ocrx_word' id='word_1_407' title='bbox 2192 2225 2335 2281; x_wconf 79' lang='lat' dir='ltr'><em>solidi</em></span> 
     </span>
     <span class='ocr_line' id='line_1_70' title="bbox 1246 2307 2335 2380; baseline -0.01 -11"><span class='ocrx_word' id='word_1_408' title='bbox 1246 2316 1293 2369; x_wconf 82' lang='lat' dir='ltr'><em>in</em></span> <span class='ocrx_word' id='word_1_409' title='bbox 1342 2315 1516 2376; x_wconf 72' lang='lat' dir='ltr'><em>fluido,</em></span> <span class='ocrx_word' id='word_1_410' title='bbox 1546 2320 1596 2366; x_wconf 83' lang='lat'><strong>&amp;</strong></span> <span class='ocrx_word' id='word_1_411' title='bbox 1639 2328 1836 2365; x_wconf 80' lang='lat' dir='ltr'><em>notetur</em></span> <span class='ocrx_word' id='word_1_412' title='bbox 1881 2326 2107 2362; x_wconf 80' lang='lat' dir='ltr'><em>accurate</em></span> <span class='ocrx_word' id='word_1_413' title='bbox 2137 2307 2335 2380; x_wconf 82' lang='lat' dir='ltr'><em>pondus</em></span> 
     </span>
     <span class='ocr_line' id='line_1_71' title="bbox 1246 2389 2335 2460; baseline -0.006 -14"><span class='ocrx_word' id='word_1_414' title='bbox 1246 2396 1291 2447; x_wconf 85' lang='lat' dir='ltr'><em>in</em></span> <span class='ocrx_word' id='word_1_415' title='bbox 1340 2395 1520 2449; x_wconf 47' lang='lat' dir='ltr'><em>eadem</em></span> <span class='ocrx_word' id='word_1_416' title='bbox 1552 2389 1770 2444; x_wconf 68' lang='lat' dir='ltr'><em>amissum</em></span> <span class='ocrx_word' id='word_1_417' title='bbox 1798 2428 1812 2450; x_wconf 78' lang='grc'>,</span> <span class='ocrx_word' id='word_1_418' title='bbox 1844 2406 1943 2441; x_wconf 88' lang='lat' dir='ltr'><em>non</em></span> <span class='ocrx_word' id='word_1_419' title='bbox 1962 2389 2182 2460; x_wconf 59' lang='lat' dir='ltr'><em>neglesta</em></span> <span class='ocrx_word' id='word_1_420' title='bbox 2220 2404 2335 2440; x_wconf 85' lang='lat' dir='ltr'>cau-</span> 
     </span>
     <span class='ocr_line' id='line_1_72' title="bbox 1244 2466 2334 2540; baseline -0.006 -17"><span class='ocrx_word' id='word_1_421' title='bbox 1244 2475 1380 2526; x_wconf 78' lang='lat' dir='ltr'><em>tione</em></span> <span class='ocrx_word' id='word_1_422' title='bbox 1406 2475 1425 2540; x_wconf 90' lang='lat'>(</span> <span class='ocrx_word' id='word_1_423' title='bbox 1446 2479 1499 2532; x_wconf 58' lang='lat'><em>5„</em></span> <span class='ocrx_word' id='word_1_424' title='bbox 1518 2485 1593 2536; x_wconf 85' lang='lat'><em>70</em></span> <span class='ocrx_word' id='word_1_425' title='bbox 1629 2466 2013 2536; x_wconf 64' lang='lat' dir='ltr'><em>&gt;commendata</em></span> <span class='ocrx_word' id='word_1_426' title='bbox 2038 2489 2048 2519; x_wconf 90' lang='lat'><strong>:</strong></span> <span class='ocrx_word' id='word_1_427' title='bbox 2087 2467 2176 2519; x_wconf 83' lang='lat' dir='ltr'><em>erit</em></span> <span class='ocrx_word' id='word_1_428' title='bbox 2201 2466 2334 2518; x_wconf 80' lang='lat' dir='ltr'><em>enim</em></span> 
     </span>
     <span class='ocr_line' id='line_1_73' title="bbox 1243 2545 2333 2622; baseline -0.001 -20"><span class='ocrx_word' id='word_1_429' title='bbox 1243 2552 1457 2622; x_wconf 78' lang='lat' dir='ltr'><em>gravitas</em></span> <span class='ocrx_word' id='word_1_430' title='bbox 1499 2546 1715 2619; x_wconf 69' lang='lat' dir='ltr'><em>specifica</em></span> <span class='ocrx_word' id='word_1_431' title='bbox 1743 2545 1992 2607; x_wconf 75' lang='lat' dir='ltr'><em>fluidi,ad</em></span> <span class='ocrx_word' id='word_1_432' title='bbox 2038 2547 2333 2618; x_wconf 82' lang='lat' dir='ltr'><em>gravitatem</em></span> 
     </span>
     <span class='ocr_line' id='line_1_74' title="bbox 1242 2622 2334 2700; baseline -0.006 -18"><span class='ocrx_word' id='word_1_433' title='bbox 1242 2626 1515 2700; x_wconf 76' lang='lat' dir='ltr'><em>specificam</em></span> <span class='ocrx_word' id='word_1_434' title='bbox 1561 2624 1697 2678; x_wconf 65' lang='lat' dir='ltr'><em>solidi</em></span> <span class='ocrx_word' id='word_1_435' title='bbox 1743 2626 1788 2677; x_wconf 89' lang='lat' dir='ltr'><em>in</em></span> <span class='ocrx_word' id='word_1_436' title='bbox 1833 2622 1933 2696; x_wconf 80' lang='lat' dir='ltr'><em>ipso</em></span> <span class='ocrx_word' id='word_1_437' title='bbox 1981 2624 2229 2681; x_wconf 81' lang='lat' dir='ltr'><em>demerfi3</em></span> <span class='ocrx_word' id='word_1_438' title='bbox 2278 2640 2334 2679; x_wconf 85' lang='lat' dir='ltr'><em>ut</em></span> 
     </span>
     <span class='ocr_line' id='line_1_75' title="bbox 1242 2699 2333 2780; baseline -0.003 -20"><span class='ocrx_word' id='word_1_439' title='bbox 1242 2725 1352 2780; x_wconf 82' lang='lat' dir='ltr'><em>pars</em></span> <span class='ocrx_word' id='word_1_440' title='bbox 1399 2704 1629 2776; x_wconf 79' lang='lat' dir='ltr'><em>ponderis</em></span> <span class='ocrx_word' id='word_1_441' title='bbox 1653 2702 1681 2756; x_wconf 70' lang='grc' dir='ltr'><em>ἐ.</em></span> <span class='ocrx_word' id='word_1_442' title='bbox 1710 2700 1868 2756; x_wconf 80' lang='lat' dir='ltr'><em>solido</em></span> <span class='ocrx_word' id='word_1_443' title='bbox 1896 2699 2090 2765; x_wconf 73' lang='lat' dir='ltr'>amissa,</span> <span class='ocrx_word' id='word_1_444' title='bbox 2119 2702 2183 2755; x_wconf 87' lang='lat' dir='ltr'><em>ad</em></span> <span class='ocrx_word' id='word_1_445' title='bbox 2209 2721 2333 2774; x_wconf 85' lang='lat' dir='ltr'><em>pon-</em></span> 
     </span>
     <span class='ocr_line' id='line_1_76' title="bbox 1240 2779 2239 2855; baseline -0.004 -16"><span class='ocrx_word' id='word_1_446' title='bbox 1240 2787 1333 2839; x_wconf 84' lang='lat' dir='ltr'><em>dus</em></span> <span class='ocrx_word' id='word_1_447' title='bbox 1376 2784 1479 2852; x_wconf 82' lang='lat' dir='ltr'><em>ejus</em></span> <span class='ocrx_word' id='word_1_448' title='bbox 1519 2784 1762 2855; x_wconf 84' lang='lat' dir='ltr'><em>integrum</em></span> <span class='ocrx_word' id='word_1_449' title='bbox 1788 2785 1870 2847; x_wconf 87' lang='lat'><em>(§.</em></span> <span class='ocrx_word' id='word_1_450' title='bbox 1897 2795 1962 2849; x_wconf 83' lang='lat'><em>59</em></span> <span class='ocrx_word' id='word_1_451' title='bbox 1991 2786 2031 2846; x_wconf 91' lang='lat'><em>).</em></span> <span class='ocrx_word' id='word_1_452' title='bbox 2053 2779 2116 2850; x_wconf 91' lang='lat' dir='ltr'><em>Q.</em></span> <span class='ocrx_word' id='word_1_453' title='bbox 2135 2803 2175 2834; x_wconf 88' lang='lat' dir='ltr'><em>e.</em></span> <span class='ocrx_word' id='word_1_454' title='bbox 2189 2783 2239 2835; x_wconf 81' lang='lat' dir='ltr'><em>d.</em></span> 
     </span>
    </p>
   </div>
   <div class='ocr_carea' id='block_1_13' title="bbox 1510 2912 1953 2964">
    <p class='ocr_par' dir='ltr' id='par_1_16' title="bbox 1510 2912 1953 2964">
     <span class='ocr_line' id='line_1_77' title="bbox 1510 2912 1953 2964; baseline -0.007 0"><span class='ocrx_word' id='word_1_455' title='bbox 1510 2912 1953 2964; x_wconf 72' lang='lat' dir='ltr'>SCHoLroN</span> 
     </span>
    </p>
   </div>
   <div class='ocr_carea' id='block_1_14' title="bbox 1239 2970 2331 3136">
    <p class='ocr_par' dir='ltr' id='par_1_17' title="bbox 1239 2970 2331 3136">
     <span class='ocr_line' id='line_1_78' title="bbox 1309 2970 2331 3066; baseline -0.003 -14"><span class='ocrx_word' id='word_1_456' title='bbox 1309 2970 1387 3060; x_wconf 29' lang='lat'><em>74⁶.</em></span> <span class='ocrx_word' id='word_1_457' title='bbox 1406 3007 1452 3052; x_wconf 86' lang='lat' dir='ltr'><em>Si</em></span> <span class='ocrx_word' id='word_1_458' title='bbox 1465 3002 1649 3064; x_wconf 81' lang='lat' dir='ltr'><em>fluidum</em></span> <span class='ocrx_word' id='word_1_459' title='bbox 1664 3000 1852 3066; x_wconf 83' lang='lat' dir='ltr'><em>specifice</em></span> <span class='ocrx_word' id='word_1_460' title='bbox 1867 3003 2049 3062; x_wconf 79' lang='lat' dir='ltr'><em>gravius</em></span> <span class='ocrx_word' id='word_1_461' title='bbox 2067 3001 2216 3059; x_wconf 64' lang='lat' dir='ltr'><em>fialido,</em></span> <span class='ocrx_word' id='word_1_462' title='bbox 2228 3013 2331 3064; x_wconf 86' lang='lat' dir='ltr'><em>pro-</em></span> 
     </span>
     <span class='ocr_line' id='line_1_79' title="bbox 1239 3067 2330 3136; baseline -0.005 -17"><span class='ocrx_word' id='word_1_463' title='bbox 1239 3072 1374 3136; x_wconf 82' lang='lat' dir='ltr'><em>pofito</em></span> <span class='ocrx_word' id='word_1_464' title='bbox 1403 3070 1589 3130; x_wconf 80' lang='lat' dir='ltr'><em>satisfiet</em></span> <span class='ocrx_word' id='word_1_465' title='bbox 1610 3083 1690 3133; x_wconf 87' lang='lat' dir='ltr'><em>per</em></span> <span class='ocrx_word' id='word_1_466' title='bbox 1727 3086 1809 3124; x_wconf 78' lang='lat' dir='ltr'><em>ea,</em></span> <span class='ocrx_word' id='word_1_467' title='bbox 1837 3085 1925 3134; x_wconf 80' lang='lat' dir='ltr'><em>quae</em></span> <span class='ocrx_word' id='word_1_468' title='bbox 1958 3071 2001 3115; x_wconf 92' lang='lat' dir='ltr'><em>in</em></span> <span class='ocrx_word' id='word_1_469' title='bbox 2023 3072 2175 3133; x_wconf 84' lang='lat' dir='ltr'><em>Capite</em></span> <span class='ocrx_word' id='word_1_470' title='bbox 2192 3067 2330 3128; x_wconf 69' lang='lat' dir='ltr'><em>subst-</em></span> 
     </span>
    </p>
   </div>
   <div class='ocr_carea' id='block_1_15' title="bbox 1246 3141 1678 3201">
    <p class='ocr_par' dir='ltr' id='par_1_18' title="bbox 1246 3141 1678 3201">
     <span class='ocr_line' id='line_1_80' title="bbox 1246 3141 1678 3201; baseline -0.012 -14"><span class='ocrx_word' id='word_1_471' title='bbox 1246 3152 1398 3201; x_wconf 87' lang='lat' dir='ltr'><em>quente</em></span> <span class='ocrx_word' id='word_1_472' title='bbox 1429 3141 1678 3185; x_wconf 88' lang='lat' dir='ltr'><em>traduntur.</em></span> 
     </span>
    </p>
   </div>
   <div class='ocr_carea' id='block_1_16' title="bbox 1766 3198 1850 3254">
    <p class='ocr_par' dir='ltr' id='par_1_19' title="bbox 1766 3198 1850 3254">
     <span class='ocr_line' id='line_1_81' title="bbox 1766 3198 1850 3254; baseline -0.024 0"><span class='ocrx_word' id='word_1_473' title='bbox 1766 3198 1850 3254; x_wconf 95' lang='lat' dir='ltr'><em>Ll</em></span> 
     </span>
    </p>
   </div>
   <div class='ocr_carea' id='block_1_17' title="bbox 1249 3323 2329 3433">
    <p class='ocr_par' dir='ltr' id='par_1_20' title="bbox 1249 3323 2329 3433">
     <span class='ocr_line' id='line_1_82' title="bbox 1300 3323 2329 3382; baseline -0.01 -10"><span class='ocrx_word' id='word_1_474' title='bbox 1300 3330 1348 3379; x_wconf 87' lang='lat' dir='ltr'><em>(a</em></span> <span class='ocrx_word' id='word_1_475' title='bbox 1365 3329 1439 3375; x_wconf 83' lang='lat' dir='ltr'><em>)In</em></span> <span class='ocrx_word' id='word_1_476' title='bbox 1457 3325 1677 3382; x_wconf 78' lang='lat' dir='ltr'><em>Magisterio</em></span> <span class='ocrx_word' id='word_1_477' title='bbox 1695 3330 1848 3367; x_wconf 83' lang='lat' dir='ltr'>Naturae</span> <span class='ocrx_word' id='word_1_478' title='bbox 1864 3327 1906 3368; x_wconf 75' lang='grc' dir='ltr'><em>δε</em></span> <span class='ocrx_word' id='word_1_479' title='bbox 1924 3325 2046 3367; x_wconf 81' lang='lat' dir='ltr'><em>Artis.</em></span> <span class='ocrx_word' id='word_1_480' title='bbox 2076 3323 2329 3375; x_wconf 83' lang='lat' dir='ltr'>T0m.3.1ib,</span> 
     </span>
     <span class='ocr_line' id='line_1_83' title="bbox 1249 3374 1764 3433; baseline -0.014 -11"><span class='ocrx_word' id='word_1_481' title='bbox 1249 3391 1309 3433; x_wconf 80' lang='lat'><em>25.</em></span> <span class='ocrx_word' id='word_1_482' title='bbox 1329 3395 1365 3423; x_wconf 87' lang='lat' dir='ltr'><em>c.</em></span> <span class='ocrx_word' id='word_1_483' title='bbox 1382 3394 1414 3422; x_wconf 87' lang='lat'><em>1.</em></span> <span class='ocrx_word' id='word_1_484' title='bbox 1430 3391 1566 3430; x_wconf 81' lang='lat' dir='ltr'><em>expet.</em></span> <span class='ocrx_word' id='word_1_485' title='bbox 1579 3390 1618 3424; x_wconf 85' lang='lat'><em>7.</em></span> <span class='ocrx_word' id='word_1_486' title='bbox 1631 3374 1658 3418; x_wconf 89' lang='lat' dir='ltr'><em>f.</em></span> <span class='ocrx_word' id='word_1_487' title='bbox 1675 3386 1764 3425; x_wconf 83' lang='lat'><strong>492.</strong></span> 
     </span>
    </p>
   </div>
   <div class='ocr_carea' id='block_1_18' title="bbox 2150 3202 2330 3254">
    <p class='ocr_par' dir='ltr' id='par_1_21' title="bbox 2150 3202 2330 3254">
     <span class='ocr_line' id='line_1_84' title="bbox 2150 3202 2330 3254; baseline 0.006 -1"><span class='ocrx_word' id='word_1_488' title='bbox 2150 3202 2330 3254; x_wconf 69' lang='lat' dir='ltr'><em>Tmo-</em></span> 
     </span>
    </p>
   </div>
  </div>
 </body>
</html>
