2687 3754
464 178 770 260 eap.X1'V.
853 179 974 241 DE
1053 171 1726 237 RESISTENTIA
1803 176 2097 239 MEDH.
2322 198 2433 259 187

133 312 346 376 extincta
374 314 639 369 terminum
656 313 696 368 B
722 312 962 384 attingere
985 327 1088 364 non
1108 308 1221 384 pos-

130 388 188 450 fit
207 435 221 452 ,
268 394 405 448 nullo
428 409 635 464 quoque
665 406 892 463 tempore
927 387 1071 443 finito
1101 408 1219 444 eun-

127 474 245 528 dem
262 471 504 542 attingere
540 468 672 523 valet
691 508 706 533 ,
748 468 984 539 adeoque
1012 463 1219 538 spatium

127 549 513 624 percurrendum
556 548 798 620 integrum
836 546 925 598 AB
961 563 1218 619 nunquam

126 625 359 683 absolvit.
445 625 590 694 Qod
608 641 713 678 erat
738 625 1013 699 strandum.

205 704 342 768 Quia
363 718 529 756 tamen
561 718 727 755 motus
751 701 1074 755 indesinenter
1100 718 1217 754 con-

124 783 371 843 tinuatur,
404 781 634 852 adeoque
660 778 864 853 spatium
885 780 1216 834 celeritatibus

121 858 295 915 amiffis
309 855 600 928 descriptum
628 858 867 912 continuo
887 855 1058 911 crescit
1075 878 1090 915 ς
1108 876 1215 912 mo-

123 938 227 991 bile
253 937 319 991 ad
340 937 602 990 terminum
624 933 758 989 suum
787 939 827 990 Β
848 936 1086 989 continuo
1098 954 1214 1008 pro-

121 1016 230 1089 pius
247 1014 458 1069 accedit.
540 1014 683 1093 Quod
709 1031 813 1067 erat
842 1020 1058 1069 tertium.

411 1105 906 1167 ScHoL'toN.

188 1221 299 1267 691.
358 1216 503 1261 Nemo
537 1209 719 1273 objiciat
752 1209 1080 1274 propositionem
1104 1215 1210 1272 prae-

111 1278 273 1337 semem
311 1281 583 1343 experien-tiae
612 1291 881 1342 repugnare:
936 1292 1067 1340 neque
1101 1277 1211 1323 enim

119 1347 358 1408 hypothesis
403 1345 642 1405 resistentiae
671 1349 715 1392 in
743 1348 911 1392 ratione
930 1344 1209 1390 velocitatum

117 1426 279 1459 naturae
301 1430 442 1460 rerum
455 1411 683 1471 conformis
699 1448 712 1464 ,
726 1413 1072 1475 quemadmodum
1079 1409 1210 1471 fiaspi-

118 1493 240 1526 catus
267 1480 362 1539 fuit
384 1485 692 1525 WALL131us.
765 1481 824 1525 Et
855 1477 892 1536 fi
919 1478 989 1523 vel
1021 1479 1208 1523 maxime

117 1543 357 1609 hypothefis
400 1559 561 1592 naturae
586 1558 719 1607 prope
758 1547 810 1591 ad
844 1561 937 1591 eam
963 1546 1203 1595 accederet,

118 1628 175 1658 ex
209 1626 369 1659 naturae
389 1612 683 1669 consuetudine
709 1624 846 1658 motus
872 1614 916 1658 in
944 1613 1075 1673 praxi
1108 1623 1204 1656 tan-

116 1681 210 1725 dem
228 1678 478 1738 insensibilis
489 1677 591 1736 fieri
611 1676 784 1724 deberet
805 1711 817 1729 ‚
855 1680 1203 1741 quemadmodum

114 1743 142 1791 ὰ
168 1747 442 1792 LEIBN1T10
464 1745 523 1804 (a)
536 1747 629 1806 Jam
648 1757 901 1792 annotatum
920 1744 990 1799 est.

226 1882 703 1933 THEOREMA
820 1879 1096 1933 CXLIX.

192 2007 263 2061 69
272 2010 323 2054 2.
355 1994 411 2049 Si
434 1994 863 2067 intra'asymp'totos
889 1995 1196 2065 redangulas

0 2110 79 2163 rab
111 2075 267 2136 AB&
290 2078 374 2129 ΒΚ
387 2073 678 2143 describatur
696 2070 965 2146 FIyperbola
977 2071 1195 2134 FL8‚&‚

0 2152 93 2230 VH'
112 2173 263 2212 motus
293 2159 455 2208 initio,
484 2155 705 2205 celeritas
727 2160 991 2222 exponatur
997 2166 1085 2220 per
1101 2171 1196 2204 rec-

0 2220 91 2310 fig:
112 2254 212 2290 tam
229 2232 314 2285 AB
334 2271 346 2288 ,
379 2228 526 2301 elapso
553 2234 716 2301 aliquo
737 2245 936 2299 tempore
960 2247 1078 2280 vero
1110 2244 1196 2298 per

0 2325 45 2364 16
45 2334 91 2377 9.
111 2318 289 2370 reblam
317 2314 440 2365 OB,-
488 2324 670 2381 tempus
703 2324 786 2378 per
823 2325 986 2358 aream
1016 2305 1195 2359 AFLO

111 2391 171 2453 ό·
194 2392 409 2464 spatium
463 2406 511 2439 eo
551 2401 751 2456 tempore
793 2383 1073 2456 destriptum
1110 2400 1197 2457 per

110 2474 288 2524 restam
308 2467 408 2520 AO
437 2470 646 2536 exprimi
665 2465 836 2535 potest.

276 2597 1016 2649 DEMoNsTRATIO.

189 2719 241 2775 Si
285 2720 414 2775 enim
453 2722 544 2779 BQ
573 2724 623 2774 ὃς
645 2720 734 2770 ΒΟ
776 2714 952 2769 fuerint
978 2717 1196 2772 celeritas

111 2811 186 2853 tes
206 2798 255 2851 in
279 2798 376 2852 fine
409 2813 692 2869 temporum
718 2797 815 2848 ΒΜ
832 2799 881 2848 &
903 2796 988 2848 BR
1016 2797 1195 2850 testan-

112 2891 212 2934 tes,·
238 2875 525 2947 dicaturque
544 2877 733 2945 BQ=
735 2895 767 2946 y
783 2911 797 2937 ,
816 2876 904 2926 ΒΟ
919 2894 1071 2932 =z3
1099 2874 1191 2927 erit

91 2955 137 3028 sy
155 2975 166 3007 :
181 2978 216 3008 z
233 2977 311 3000 Ξ
329 2957 411 3027 dy:
446 2955 515 3006 dz
538 2954 612 3015 (§.
629 2962 697 3010 68
715 2965 738 3019 ς
757 2951 795 3021 ).
832 2948 1191 3024 consequenter

101 3052 172 3105 y:
201 3036 389 3106 dy=z
419 3055 435 3083 :
474 3033 542 3083 dz
581 3029 674 3098 (§.
729 3043 851 3097 173.
888 3030 1106 3085 Arithm.
1133 3028 1186 3101 ).

107 3157 234 3213 Sunt
256 3177 381 3217 vero
417 3110 562 3271 3¹2&
583 3110 910 3253 ‘'f-elementa
929 3158 1067 3233 spatii
1081 3160 1185 3231 Hy-

138 3297 199 3348 (a)
225 3306 269 3345 1n
283 3301 392 3344 Acus
406 3302 555 3346 Erudit.
574 3305 651 3346 An.
673 3304 776 3347 1689.
801 3313 842 3355 p.
854 3309 916 3348 4ιό

1338 306 1579 381 perbolici
1640 302 1954 378 asymptotici
1996 309 2078 381 (§.
2118 320 2240 368 120.
2276 314 2430 370 Anal-

1336 391 1477 458 infin.
1497 384 1536 452 ).
1626 385 1974 457 Qamobrem
2037 387 2280 443 elementa
2342 393 2428 447 ista

1334 464 1546 535 aequalia
1571 460 1707 525 sunt,
1726 461 1757 515 fi
1780 480 1953 516 eorum
1975 463 2258 520 altitudines
2274 505 2288 530 ‚
2315 486 2425 540 quae

1334 538 1445 595 sunt
1473 538 1782 595 absciffarum
1813 542 1863 593 in
1889 537 2172 612 asymptoto
2190 543 2277 597 BA
2303 543 2424 600 sum.

1333 635 1494 674 tarum
1530 617 1873 672 differentialia
1895 657 1910 680 ,
1963 618 2143 673 fuerint
2170 635 2223 672 ut
2257 623 2421 677 celeri—

1330 712 1457 751 tates
1501 699 1549 751 in
1579 697 1773 750 instanti
1797 693 1989 750 amiffae.
2074 695 2267 766 Qodfi
2301 718 2422 772 ergo

1331 777 1395 830 ab
1418 776 1558 828 initio
1584 791 1748 828 motus
1774 791 1933 846 usque
1953 772 2017 828 ad
2036 775 2304 847 plenariam
2337 794 2421 830 ex-

1329 854 1616 907 tinctionem
1637 851 1885 906 sumantur
1910 854 2149 906 continuo
2176 852 2303 909 AO,
2319 854 2437 926 AQ

1330 949 1384 985 ut
1409 931 1684 985 celeritates
1711 931 1931 984 extinctae
1946 950 1959 987 ς
1989 931 2211 1002 Spatium
2227 934 2419 1002 Hyper-

1329 1010 1552 1062 bolicum
1581 1006 1961 1080 asymptoticum
1982 1008 2242 1063 resolvitur
2259 1010 2306 1062 in
2325 1010 2418 1063 ele-

1329 1103 1491 1142 menta
1522 1089 1646 1139 inter
1691 1084 1737 1139 se
1762 1087 1987 1157 aequalia.
2076 1086 2249 1158 Atque
2287 1086 2418 1142 adeo

1325 1183 1440 1219 area
1497 1166 1674 1219 FAOL
1740 1161 1993 1219 succeffiva
2053 1164 2417 1220 elementorum

1325 1244 1583 1314 aequalium
1617 1242 1874 1296 additione
1894 1243 2112 1314 gignitur
2128 1280 2146 1305 ,
2173 1243 2416 1314 quemad-

1325 1321 1532 1374 modum
1553 1318 1748 1373 absciffa
1774 1320 1862 1373 ΑΡ
1887 1321 2121 1373 continua
2142 1320 2414 1375 accessione

1323 1399 1683 1452 elementorum
1706 1397 1966 1469 aequalium
1993 1397 2206 1452 resultat.
2252 1399 2412 1453 Enim·-

1323 1495 1449 1531 vero
1488 1473 1682 1530 abscissa
1721 1476 1810 1530 Al)
1868 1477 2135 1548 exponitur
2173 1492 2365 1547 tempus
2387 1515 2407 1542 ‚

1320 1573 1425 1628 quo
1482 1555 1705 1609 celeritas
1738 1555 1834 1607 ΡΝ
1875 1553 1974 1608 five
2011 1556 2114 1608 Ao
2161 1555 2413 1609 amittitur

1309 1651 1397 1707 per
1422 1634 1609 1706 hypoth.
1670 1634 1805 1704 Ergo
1824 1632 1969 1686 etiam
1990 1630 2195 1705 spatium
2214 1636 2408 1704 Hyper-

1320 1711 1540 1765 bolicum
1560 1713 1738 1766 AFLO
1752 1727 1945 1782 tempus
1961 1711 2214 1783 defignare
2233 1710 2406 1767 debet,

1315 1807 1422 1861 quo
1459 1789 1683 1844 celeritas
1707 1789 1807 1843 Ao
1834 1789 2092 1844 amittitur.
2134 1789 2281 1859 ,Quod
2297 1804 2405 1842 erat

1312 1888 1478 1921 unum.

1390 1962 1500 2031 Jam
1528 1961 1665 2012 redtae
1693 1957 1793 2013 Ao
1821 1963 1871 2012 &
1896 1959 2006 2029 AQ
2024 1955 2128 2013 sunt
2159 1975 2212 2014 ut
2239 1960 2404 2016 celeri-

1313 2055 1438 2093 tates
1468 2037 1779 2108 temporibus
1804 2038 1902 2090 EM
1933 2042 1984 2091 δε
2014 2039 2100 2092 BR
2122 2037 2296 2092 amiffae
2313 2058 2403 2113 per

1312 2118 1495 2190 hypoth.
1579 2118 1702 2168 Sunt
1743 2133 1865 2167 vero
1905 2111 2053 2185 spatia
2093 2118 2402 2188 temporibus

1309 2199 1406 2249 EM
1437 2198 1484 2247 St
1510 2196 1591 2247 BR
1635 2192 1896 2245 movendo
1932 2188 2242 2247 confesta‘ut
2281 2195 2404 2250 cele-

1310 2274 1476 2327 ritates
1559 2270 1730 2324 iisdem
1796 2271 2107 2343 temporibus
2175 2273 2399 2327 extindtae

1309 2355 1330 2416 (
1352 2356 1398 2412 §-
1418 2361 1528 2412 684
1548 2349 1587 2417 )·
1633 2352 1769 2421 Ergo
1790 2347 1939 2420 spatia
1964 2350 2272 2422 temporibus
2295 2353 2399 2407 ΒΜ

1312 2435 1361 2484 δε
1405 2431 1487 2482 BR
1520 2426 1632 2490 seu,
1672 2427 1812 2499 quod
1854 2428 2058 2500 perinde
2097 2429 2166 2481 est
2191 2447 2281 2502 per
2318 2433 2399 2483 de-

1311 2509 1591 2573 monstrata,
1612 2506 1920 2576 temporibus
1941 2505 2120 2559 AFLO
2139 2508 2188 2558 δε
2207 2507 2415 2583 AFHQ

1312 2584 1537 2638 confedta
1582 2581 1690 2636 sunt
1752 2597 1803 2635 ut
1856 2585 1998 2638 rectae
2055 2583 2160 2640 AO
2193 2588 2245 2639 &
2276 2587 2419 2657 AQ

1311 2662 1454 2734 Qod
1475 2680 1578 2717 erat
1607 2665 1830 2714 alterum.

1510 2795 1973 2846 THEOREMA
2053 2789 2186 2846 CL.

1384 2927 1513 2983 693.
1558 2917 1615 2970 Sc·
1636 2924 1785 2970 motui
1819 2919 2041 2990 aequabili
2072 2924 2126 2972 in
2152 2919 2303 2972 medio
2326 2926 2398 2973 νεὲ

1288 2999 1483 3070 fistitur
1518 3002 1573 3049 in
1617 3001 1806 3049 ratione
1840 2998 2147 3049 celeritatum
2167 3032 2181 3050 ‚
2248 2998 2402 3051 decre-

1302 3092 1465 3128 menta
1488 3076 1788 3127 celeritatum
1799 3074 1918 3143 fimt
1966 3079 2278 3128 incrementis
2286 3074 2402 3149 spa-

1300 3158 1479 3209 tiorum
1502 3154 1900 3226 proportionaliaa

1759 3350 1858 3406 Aa
1918 3360 1948 3406 2
2288 3349 2394 3407 DE.
