2646 3759
151 223 214 267 17

146 355 288 399 motu
324 337 558 414 aequabili
598 333 807 410 spatium
847 334 915 386 est
961 347 1013 385 ut
1052 346 1247 404 tempus

149 421 354 476 ductum
398 422 446 472 in
485 418 788 474 celeritatem
829 411 914 481 (§.
945 425 1032 476 34.
1067 405 1268 471 Mech.'

153 505 204 555 &
234 504 280 559 ἕ.
308 494 738 566 159.Arithm.),
779 492 1011 561 adeoque
1041 486 1247 561 spatium

151 578 181 634 Ξι
213 577 388 631 mobili
418 572 726 649 tempusculo
764 574 829 644 Pp
867 567 1152 623 confeftum
1195 579 1250 618 ut

153 655 494 729 rec‘tangulum
531 658 597 729 Pp
619 654 724 708 RM
757 650 840 721 (§.
870 662 975 717 375
1001 644 1205 709 Geom.)
1233 662 1248 700 3

150 731 514 810 'consequenter
548 751 660 787 cum
685 727 883 801 fingulis
917 721 1250 798 tempusculis‚

155 815 338 888 quibus
373 813 462 869 ΑΡ
501 812 725 871 constat³
762 805 846 879 ipfi
884 807 950 878 Pp
980 801 1253 875 aequalibus

156 890 424 948 istiusmodi
484 882 1003 965 parallelogrammula
1060 877 1256 951 respon—

155 972 340 1034 deant,
385 988 495 1043 quae
543 966 681 1021 simul
716 963 870 1018 sumta
908 978 1075 1015 aream
1110 959 1252 1011 triam

156 1049 383 1125 gularem
416 1049 568 1103 APM
606 1042 877 1100 conficiunt
917 1043 938 1105 (
967 1047 1102 1104 §.99
1123 1036 1257 1092 Ana-

157 1129 244 1203 lyf
266 1132 406 1202 infin.
427 1132 450 1194 )
475 1166 490 1190 ‚
542 1142 657 1180 area
694 1122 846 1177 APM
886 1118 1117 1191 exprimit
1157 1113 1257 1188 spa-

158 1210 286 1262 tium
317 1205 345 1260 a
378 1205 553 1261 mobili
574 1219 802 1276 tempore
827 1200 920 1254 ΑΡ
952 1195 1254 1251 confectum.

157 1288 237 1342 Ex
263 1284 438 1340 eadem
474 1283 665 1338 ratione
687 1278 990 1352 triangulum
1012 1276 1152 1330 ABG
1175 1293 1259 1328 ex-

158 1366 328 1439 primit
369 1362 575 1437 spatium
622 1359 650 1415 ὲ
691 1360 865 1413 mobili
899 1372 1127 1429 tempore
1169 1352 1259 1406 AB
1317 1384 1319 1387 ‚

160 1442 465 1498 confcffsum,
517 1443 644 1496 Sunt
676 1441 825 1512 igitur
852 1434 1001 1510 spatia
1023 1433 1260 1506 tempori-

161 1523 258 1577 bus
292 1523 381 1577 ΑΡ
421 1527 471 1576 ἃ
511 1520 601 1575 ΑΒ
647 1516 887 1590 descripta
926 1530 979 1568 ut
1015 1511 1263 1585 triangula

161 1601 312 1657 APM
349 1605 399 1657 δε
442 1600 580 1655 ABG
604 1639 617 1657 ,
670 1593 1034 1668 consequenter
1071 1592 1143 1645 ob
1180 1610 1265 1645 eo-

161 1681 373 1737 rundem
415 1677 778 1733 similitudinem
803 1680 884 1737 (§.
907 1683 1015 1732 268
1045 1669 1264 1741 Geom.)‚

160 1759 214 1813 in'
239 1761 431 1812 ratione
459 1758 710 1829 duplicata
736 1757 975 1808 rectarum
993 1754 1078 1807 Ap
1105 1756 1156 1806 &
1173 1750 1263 1803 AB

159 1842 241 1902 (5.
274 1848 405 1905 398.
427 1836 669 1904 Ceam).
699 1834 798 1888 hoc
821 1834 891 1887 est
911 1872 926 1897 ,
958 1847 1263 1905 temporum.

220 1921 375 1979 .e..d.

164 1917 237 2059 g
359 2024 948 2077 CORoLLARmM
1032 2012 1072 2065 I.

235 2126 311 2170 81.
336 2119 575 2184 Qioniam
611 2117 659 2163 in
690 2129 825 2162 motu
860 2110 1161 2160 uniformiter
1193 2124 1266 2156 ac-

166 2189 372 2237 celerato
392 2186 652 2232 celeritates
674 2182 776 2230 sunt
797 2194 847 2228 ut
863 2194 1079 2243 tempora
1092 2177 1264 2239 (§.68)3

166 2253 313 2319 spatia
347 2266 481 2301 erunt
510 2253 650 2299 etiam
671 2251 719 2297 in
738 2249 919 2297 ratione
937 2247 1173 2310 duplicata
1195 2261 1267 2292 ce-

167 2322 409 2371 leritatum
440 2321 485 2368 in
521 2319 613 2367 fine
642 2332 944 2380 temporum,
977 2313 1149 2376 quibus
1184 2313 1268 2361 de-

168 2387 430 2439 scribuntur
449 2422 464 2441 ‚
491 2386 817 2449 acquisitarum
841 2383 858 2442 (
878 2386 919 2441 §.
942 2381 1040 2443 80).

287 2479 937 2533 CoRoLLARIUM
1024 2471 1124 2524 IL

239 2582 381 2632 82.In
400 2591 534 2625 motu
555 2576 853 2625 uniformiter
872 2574 1129 2619 accelerato
1151 2579 1270 2613 tem-

170 2663 290 2711 pora
319 2645 420 2693 sunt
452 2646 500 2691 in
537 2644 723 2692 ratione
751 2638 1070 2702 subduplicata
1099 2633 1270 2698 spatio-

170 2731 275 2762 rum
311 2713 382 2772 (§.
404 2726 492 2772 159
514 2714 713 2760 Arithm.
735 2717 778 2758 δε
807 2713 849 2767 §.
875 2718 932 2760 80
964 2705 1109 2755 Mech.
1132 2703 1152 2762 )

285 2799 929 2867 CoRoLLARIUM
1014 2794 1150 2846 III.

241 2905 321 2955 83.
349 2897 501 2944 Etiam
524 2892 786 2941 celeritates
815 2891 864 2937 in
887 2890 978 2939 fine
998 2903 1269 2952 temporum

172 2965 273 3013 sunt
292 2966 339 3015 in
359 2964 540 3011 ratione
564 2958 885 3022 subduplicata
906 2958 1160 3021 spatiorum
1177 2957 1270 3011 illis

174 3031 516 3158 descripforum
567 3029 648 3087 (ἕ.
689 3041 779 3086 159
813 3027 1010 3076 Arithrm
1047 3031 1089 3072 &
1127 3027 1171 3082 ἓ.
1208 3030 1264 3074 81

174 3106 328 3146 Am).
365 3135 375 3144 .

339 3193 816 3241 THssoREMA
899 3181 1077 3237 XVI.

257 3299 348 3351 84,
376 3290 545 3362 Spatia
565 3328 580 3352 ,
617 3311 712 3363 ΨΜ
737 3306 900 3362 corpus
932 3303 1064 3340 metu
1086 3285 1271 3357 uvifer-

175 3373 321 3425 mitcr
347 3372 612 3423 accelerato.
622 3374 869 3442 percurrit
885 3406 900 3423 2
928 3366 1138 3432 cristam
1159 3383 1275 3420 tem-

185 253 218 271 ...
626 195 1286 263 ELEMENTA
1387 193 2194 255 MECHANICAE.

1361 329 1560 402 poribus
1619 329 1879 403 aequalibus
1928 329 2191 394 fi’cundum
2246 344 2467 385 numeros

1371 414 1578 482 impares
1623 423 1680 471 Ι,
1716 422 1776 474 3,
1820 421 1892 476 ς,
1924 420 1994 473 7,
2040 422 2110 471 9,
2144 411 2243 463 &c-

1553 505 2286 561 DEMoNsTRATIO.

1455 583 1506 637 Si
1556 598 1783 657 tempora
1812 623 1826 641 ‚
1879 584 2064 658 quibus
2098 602 2280 657 corpus
2330 600 2475 641 motu

1374 660 1686 717 uniformiter
1707 663 1988 718 accelerato
2014 662 2355 737 progreditur,
2371 664 2474 719 fue-

1375 740 1470 794 rint
1506 755 1560 795 ut
1608 757 1672 805 1,
1712 755 1779 804 2,
1813 759 1876 810 3,
1915 759 1987 805 4,
2031 744 2219 810 5,&C.
2268 738 2477 813 spatium

1374 819 1498 873 intra
1529 836 1839 874 momentum
1870 838 1889 876 1
1924 819 2208 876 confectum
2229 822 2320 874 erit
2349 837 2401 874 ut
2424 837 2473 884 Ι,

1376 899 1500 951 intra
1534 898 1640 952 duo
1668 898 1946 971 percursum
1977 914 2031 951 ut
2054 915 2118 962 4,
2150 900 2277 954 intra
2306 901 2397 955 tria
2423 914 2479 954 ut

1379 992 1410 1042 9
1436 1015 1448 1033 ‚
1475 977 1603 1030 intra
1638 992 1859 1049 quatuor
1886 994 1939 1031 ut
1968 987 2031 1034 16
2054 1017 2068 1040 ,
2095 978 2222 1031 intra
2255 978 2480 1050 quinque

1378 1071 1434 1109 ut
1471 1069 1537 1125 25
1570 1059 1665 1109 &a
1706 1056 1873 1126 (80).
1960 1055 2155 1126 Quodsi
2206 1075 2329 1131 ergo
2366 1054 2480 1110 sub-

1378 1133 1542 1189 trahas
1593 1131 1803 1207 spatium
1852 1135 1977 1189 intra
2028 1135 2270 1190 minutum
2325 1153 2481 1188 unum

1382 1211 1664 1287 percussum
1702 1211 1730 1266 a
1757 1210 1915 1287 spatio
1953 1215 2080 1268 intra
2117 1212 2223 1269 duo
2250 1213 2482 1268 confedto

1381 1309 1450 1355 43
1481 1292 1762 1346 remanebit
1791 1289 2001 1365 spatium
2029 1294 2222 1346 minuto
2263 1291 2482 1346 secundo

1382 1369 1679 1446 respondens
1721 1388 1768 1438 3.
1857 1372 2051 1427 Eodem
2097 1371 2254 1425 modo
2299 1372 2484 1442 rtperi-

1382 1467 1465 1505 tur
1507 1448 1716 1525 spatium
1766 1453 1960 1505 minuto
2008 1452 2156 1504 tertio
2199 1447 2483 1504 absolutum

1386 1544 1728 1598 §yn—*425
1757 1571 1773 1595 ,
1813 1529 2021 1603 spatium
2069 1544 2253 1603 quarto
2291 1525 2486 1601 respon-

1386 1610 1509 1666 dens
1539 1621 1604 1669 ἑὸ
1624 1640 1723 1650 »---
1746 1624 1920 1679 9=7
1941 1649 1954 1674 ,
1990 1608 2130 1683 quod
2158 1609 2339 1682 quinto
2366 1626 2486 1662 con-

1386 1691 1525 1746 venit
1551 1704 1615 1759 25
1638 1720 1740 1730 --·
1768 1701 1972 1754 56=9
2018 1693 2114 1743 &a
2146 1693 2196 1743 &
2227 1688 2294 1742 ita
2327 1705 2484 1759 porro

1333 1822 1337 1824 .
1373 1769 1470 1841 (ἕ.
1495 1780 1582 1836 83.
1605 1771 1858 1846 Analyfi).
1904 1769 2130 1843 Spatium
2162 1786 2284 1841 ergo
2307 1764 2484 1820 minuti

1315 1916 1317 1919 .
1390 1851 1533 1922 primi
1578 1851 1646 1903 est
1685 1866 1739 1901 ut
1774 1866 1792 1906 1
1822 1888 1838 1912 ,
1892 1846 2092 1902 secundi
2127 1862 2181 1902 ut
2224 1864 2251 1915 3
2289 1887 2302 1910 ,
2351 1841 2485 1898 tertii

1303 1984 1307 1987 ,
1390 1943 1444 1981 ut
1485 1944 1507 1997 ς
1547 1966 1561 1990 ,
1597 1929 1759 2000 quarti
1797 1943 1850 1982 ut
1880 1942 1946 1995 7,
1995 1928 2157 2000 quinti
2194 1941 2248 1979 ut
2286 1940 2351 1990 9,
2385 1927 2483 1977 &c.

1388 2006 1625 2079 adeoque
1665 2006 1814 2078 spatia
1847 2006 2070 2079 corporis
2118 2021 2260 2058 motu
2303 2001 2488 2056 unifor-

1389 2086 1532 2139 miter
1571 2087 1853 2140 accelerato
1888 2084 2256 2158 progredientis
2293 2098 2490 2154 tempo-

1390 2165 1525 2218 ribus
1594 2165 1866 2237 aequalibus
1923 2180 2171 2236 augentur
2220 2159 2489 2216 secundum

1390 2262 1624 2299 numeros
1655 2245 1864 2316 impares
1901 2259 1919 2300 1
1944 2283 1960 2309 ,
1996 2258 2056 2309 3,
2094 2258 2153 2310 ς,
2180 2256 2218 2310 7
2237 2280 2251 2298 ,
2292 2255 2324 2306 9
2346 2279 2360 2303 ,
2389 2243 2490 2294 &a

1391 2323 1455 2394 Q:
1477 2345 1516 2377 e.
1543 2326 1592 2378 d.

1545 2407 2018 2457 THEOREMA
2104 2399 2314 2454 XVII.

1476 2493 1569 2551 ὃς.
1614 2481 1821 2554 Corpora
1858 2486 2050 2553 gravia
2096 2486 2151 2534 in
2205 2481 2357 2533 medio
2395 2497 2493 2530 non

1392 2564 1625 2631 refisteme
1649 2579 1735 2634 per
1764 2562 2041 2614 intervalla
2080 2580 2171 2613 non
2203 2564 2356 2611 nimis
2393 2576 2494 2608 ma-

1385 2663 1492 2715 gna
1516 2658 1647 2694 motu
1685 2639 1998 2711 uniformiter
2028 2640 2289 2692 accelerato
2313 2634 2493 2706 defien-

1393 2723 1530 2775 dunt.

1565 2801 2290 2852 DEMONSTRATIO.

1475 2879 1613 2932 Cum
1648 2876 1818 2948 gravia
1846 2872 2144 2929 descendant
2177 2888 2321 2926 motu
2351 2888 2494 2925 acce-

1396 2956 1556 3010 lerato
1585 2954 1664 3026 (§.
1683 2967 1756 3022 79
1783 2953 1835 3024 ),·
1866 2955 1953 3010 Vis
1990 2952 2250 3026 gravitatis
2284 2968 2342 3005 ea
2372 2958 2492 3003 c'on-

1395 3036 1542 3088 tinuo
1586 3032 1838 3106 impellere
1881 3032 2035 3087 debet
2096 3035 2173 3095 (§.
2211 3029 2342 3098 76).
2411 3027 2493 3080 Est

1397 3132 1519 3167 vero
1555 3113 1772 3185 gravitas
1813 3113 1861 3165 in
1906 3111 2171 3165 intervallo
2217 3126 2318 3161 non
2352 3106 2495 3159 minis

1396 3210 1582 3264 magno
1624 3189 1799 3245 eadem
1834 3190 1997 3261 (§.78
2019 3189 2059 3261 ).
2112 3190 2282 3258 Quare
2322 3185 2496 3257 gravia

1397 3272 1578 3326 eodem
1641 3268 1797 3322 modo
1848 3269 2158 3343 temporibus
2214 3266 2490 3337 aequalibus

1343 3355 1347 3359 ’
1398 3348 1628 3406 deorsum
1658 3349 1842 3421 impelli
1869 3348 2058 3404 debent
2079 3351 2101 3416 ζ
2120 3346 2292 3414 825).
2314 3347 2493 3414 itaque

2465 3417 2500 3479 si
