2687 3754
495 169 746 277 capsus.
828 199 964 256 DE
1043 193 1378 254 Moru
1453 188 1832 249 Afilzts,

66 339 163 386 dino
184 335 331 386 alato,
367 331 508 396 qualis
542 344 688 394 nempe
743 334 993 397 requiratur
1034 342 1084 377 ut
1103 334 1158 377 ad

65 421 137 452 eas
168 406 282 450 circa
320 416 445 447 axem
472 402 783 447 convertendas
807 403 899 447 vim
919 400 1155 446 maximam

63 468 268 520 adhibeat
298 479 454 514 ventus
478 486 488 513 z
517 469 732 514 enimvero
753 484 845 514 cum
877 468 947 516 hic
974 479 1076 529 opus
1096 464 1155 524 fit

59 538 290 603 principiis
310 531 583 597 generalibus
603 536 654 582 de
685 548 801 582 motu
814 533 1050 595 fluidorum
1068 548 1155 596 quae

63 609 110 654 in
131 602 403 666 Hydraulica
426 602 591 647 demum
610 602 814 649 docentur
836 624 850 654 ;
875 604 968 648 ideo
996 599 1156 647 ibidem

65 670 299 729 universali
330 671 500 716 ratione
530 668 608 714 hoc
644 681 940 730 argumentum
977 683 1156 731 exeque-

65 755 189 792 mur,
214 754 266 785 ne
291 739 431 784 minus
458 732 606 797 dixzffe
640 738 891 789 videamur,
931 750 1024 782 cum
1058 735 1154 798 plus

65 807 206 854 dicere
223 803 444 869 possemus.

228 923 725 975 DEFINITIO
787 918 958 973 XIH.

150 1054 276 1104 181.
312 1043 701 1099 Anemometrum
747 1045 815 1098 est
861 1044 1150 1097 instrumen-

17 1162 20 1163 ν
64 1135 209 1189 tum,
251 1141 357 1195 quo
391 1121 492 1177 vim
531 1139 794 1177 ventorum
837 1123 1081 1176 metimur.

240 1223 710 1275 PRoBLEMA
791 1221 953 1275 XLL

148 1327 272 1377 182.
316 1318 709 1373 Anemometrum
745 1321 1026 1388 construere.

339 1419 382 1471 R
404 1432 431 1469 E
458 1433 479 1469 s
509 1434 543 1469 o
569 1433 598 1468 L
629 1433 663 1469 u
697 1432 728 1467 T
759 1432 775 1468 1
807 1434 858 1469 0.

7 1534 34 1580 l.
70 1538 116 1581 1.
164 1522 533 1578 Construantur
559 1524 647 1577 alae
673 1524 955 1587 A,B,C,D‚
976 1521 1146 1597 quales

138 1603 187 1656 in
216 1602 359 1656 molis
393 1603 534 1657 alatis
557 1604 781 1656 adhiberi
808 1601 964 1658 solent
985 1643 997 1659 ‚
1027 1602 1146 1655 mul-

139 1698 197 1735 to
234 1696 400 1738 tamen
436 1682 681 1739 minore55
709 1701 735 1736 a
761 1683 910 1753 plano
942 1684 1145 1736 vertica-

66 1762 68 1764 ’
135 1759 168 1812 li
210 1756 300 1814 sub
339 1762 526 1832 angulo
565 1776 634 1830 54
671 1762 866 1814 circiter
903 1763 1147 1835 graduum

135 1838 378 1893 reclinatae

59 1930 110 1975 2.
154 1918 296 1981 Axi,
339 1917 415 1971 cui
448 1916 534 1972 alae
580 1918 848 1990 infiguntur
885 1957 898 1979 ,
954 1936 1150 1990 aptetur

137 1997 285 2049 etiam
325 1997 530 2051 cochlea
574 2016 810 2069 perpetua
855 2000 962 2058 EF,
1003 2016 1111 2070 quae

64 2091 116 2145 3.
163 2077 480 2128 CircumaCta
529 2078 770 2147 deprimat
816 2077 986 2129 dentes
1029 2094 1149 2131 rotae

140 2153 336 2206 stellatae
372 2156 487 2207 GH.

60 2248 110 2293 4.
149 2234 245 2285 Axi
270 2252 357 2304 per
382 2250 603 2285 centrum
629 2230 891 2285 transeunti
913 2230 1148 2303 infigatur

139 2311 204 2363 ad
237 2311 448 2382 angulos
497 2314 653 2363 rectos
723 2312 978 2364 brachium
1039 2306 1149 2363 satis

135 2388 342 2460 longum
368 2392 465 2451 IK,
516 2391 562 2441 in
585 2389 754 2442 medo
789 2384 1149 2442 canaliculiins·

136 2483 211 2520 tar
249 2467 596 2521 excavandum
625 2507 637 2523 ,
693 2484 744 2520 ut
790 2470 913 2520 intra
966 2470 1149 2520 cavita-

136 2560 236 2598 tem
275 2546 469 2617 pondus
528 2545 819 2617 plumbeum
875 2546 916 2597 L
968 2543 1150 2599 sursum

136 2622 367 2677 deorsum
396 2624 553 2677 libere
591 2626 781 2679 moveri
823 2623 963 2695 poffit
988 2661 1002 2678 ,
1043 2623 1152 2694 ipsi-

137 2703 268 2773 que(
283 2721 460 2774 nempe
484 2701 723 2770 brachio)
749 2721 809 2755 ex
829 2704 981 2756 altera
995 2720 1152 2756 axeos

74 2825 77 2831 .
139 2795 278 2853 parte
327 2781 664 2854 aequilibretur
745 2782 1000 2834 brachium
1067 2782 1153 2834 mi-

143 2875 233 2912 nus
259 2863 317 2913 Y.

74 2952 120 3005 ς.
161 2936 350 2991 Brachii
406 2937 603 3005 majoris
659 2938 727 2991 11<
783 2936 1047 3010 longitudo
1104 2936 1151 2990 in

145 3033 474 3088 quotcunque
537 3031 699 3087 partes
748 3018 956 3087 aequales
1028 3014 1152 3068 divi-

142 3095 290 3149 datur
323 3133 334 3152 .
374 3111 583 3167 quarum
616 3091 813 3166 fingulae
857 3094 999 3149 radio
1048 3095 1152 3149 axis

143 3187 412 3244 aequantur.

0 3282 4 3321 t
70 3259 122 3310 6.
164 3250 337 3304 Eidem
366 3251 446 3304 axi
474 3248 708 3323 infigatur
735 3248 883 3302 index
909 3253 1022 3305 MN
1044 3250 1153 3303 bra-

146 3328 260 3384 chio
294 3332 363 3385 IK
392 3331 457 3385 ad
481 3329 692 3402 angulos
725 3330 883 3383 rec'tos
911 3328 1152 3394 iniistenS,

2251 208 2364 265 319

1360 331 1413 383 δε
1446 339 1586 381 extra
1628 322 1794 378 cistam
1831 360 1847 387 ,
1902 317 1981 378 cui
2030 337 2140 378 rota
2185 324 2373 384 stellata

1359 425 1471 461 cum
1497 402 1703 460 cochlea
1744 418 1984 476 perpetua
2009 398 2188 458 inclusa
2209 442 2223 467 ,
2253 405 2372 460 emi·

1359 503 1493 539 nens,

1281 577 1334 634 7.
1378 563 1614 636 Denique
1645 578 1707 615 ex
1744 573 1918 613 centro
1935 558 2038 612 axis
2063 598 2076 616 ‚
2114 560 2159 613 in
2187 561 2373 633 pariete

1362 644 1484 695 cistae
1502 639 1749 694 exteriore
1763 677 1776 700 ,
1795 635 2098 691 describatur
2123 640 2377 709 quadrans

1360 719 1530 773 circuli
1564 719 1613 771 in
1665 731 1741 781 90
1776 714 1961 788 gradus
2011 733 2151 768 more
2229 715 2378 772 solito

1357 788 1700 858 dividendUS,
1755 795 1821 847 ab
1880 791 2047 847 indice
2094 793 2176 847 vel
2214 789 2376 848 ascew

1356 876 1508 929 dente
1591 872 1678 928 vel
1743 868 2072 926 descendente
2153 870 2373 926 indican-

1358 955 1470 1008 dus,
2189 975 2195 978 ·

1276 1033 1412 1088 Dico
1447 1071 1461 1089 ,
1508 1031 1919 1086 Anemometrum
1973 1027 2068 1084 effe
2122 1028 2374 1083 construe·-

1273 1127 1396 1166 tum.

1463 1191 2175 1243 DEMoNSTKArro.

1351 1287 1670 1342 Manifestum
1699 1286 1828 1339 enim
1850 1324 1865 1350 ‚
1897 1283 1931 1338 fi
1979 1285 2065 1339 alae
2088 1286 2374 1348 A2B2C2D‘,

1273 1384 1430 1421 vento
1478 1381 1798 1439 opponantur
1827 1402 1840 1420 ,
1886 1363 2144 1416 cochleam
2197 1368 2375 1436 perpeae

1272 1461 1406 1500 tuam
1435 1449 1511 1501 EF
1536 1441 1896 1499 circumvolvi,
1940 1458 2092 1513 atque
2121 1442 2251 1496 adeo
2293 1460 2374 1495 ro-

1273 1541 1375 1576 tam
1418 1524 1657 1578 stellatam
1706 1523 1807 1575 GH
1855 1521 1903 1574 in
1964 1520 2143 1573 orbem
2198 1539 2371 1593 agere.

1273 1606 1447 1673 Quare
1498 1621 1608 1655 cum
1654 1599 1910 1653 brachium
1959 1600 2027 1650 11<
2085 1616 2197 1651 cum
2261 1614 2372 1652 rota

1294 1681 1461 1735 {ellata
1493 1683 1594 1734 GH
1630 1679 1790 1732 eidem
1829 1678 1908 1730 axi
1956 1676 2186 1747 infigatur
2219 1715 2234 1739 ,
2283 1695 2375 1750 per

1273 1764 1526 1821 construi?⁸
1571 1758 1656 1811 ubi
1700 1757 1803 1810 haec
1841 1757 2221 1826 circumagitur,
2251 1753 2373 1810 illud

1275 1857 1386 1891 cum
1423 1837 1647 1910 pondere
1682 1837 1724 1887 L
1755 1835 2050 1888 elevabitur.
2112 1834 2371 1904 Quoniam

1277 1936 1398 1969 vero
1440 1915 1665 1968 distantia
1694 1914 1926 1983 ponderis
1969 1930 1997 1966 a
2040 1930 2217 1966 centro
2265 1930 2374 1965 mo-

1275 2012 1352 2047 tis
1387 1996 1628 2047 continuo
1665 1990 1719 2043 fit
1761 1992 1949 2058 major,
1976 2009 2079 2063 quo
2106 1991 2250 2044 altius
2276 1983 2374 2043 ele·

1275 2090 1457 2131 vatum
1499 2089 1643 2125 tanto
1679 2088 1885 2141 quoque
1920 2071 2118 2142 gravius
2155 2068 2240 2122 fiat
2290 2087 2377 2122 ne-

1275 2150 1397 2205 celie
1438 2152 1505 2204 est
1526 2190 1540 2212 ,
1584 2166 1690 2222 quo
1718 2149 1862 2202 altius
1887 2148 2131 2202 attollitur
2156 2148 2372 2218 (§.196.

1277 2227 1580 2298 Mediam).
1626 2226 1713 2281 Vis
1751 2227 1899 2299 igitur
1944 2228 2108 2288 venti,
2154 2245 2263 2297 quse
2288 2245 2379 2298 per

1275 2310 1516 2361 minorem
1560 2305 1797 2377 angulum
1826 2305 2023 2359 elevare
2057 2306 2220 2377 potest
2247 2324 2378 2376 pon-

1275 2387 1397 2449 duS,
1441 2405 1543 2440 non
1579 2385 1696 2437 ideo
1727 2383 1858 2436 idem
1892 2383 2088 2436 elevare
2124 2381 2257 2435 valet
2283 2401 2376 2455 per

1275 2467 1512 2537 angulum
1550 2464 1809 2530 majorem.
1875 2462 2261 2533 Quamprimum
2288 2463 2378 2514 ita-

1275 2562 1376 2615 que
1413 2542 1644 2615 ponderis
1688 2540 1955 2612 gravitatio
2021 2540 2069 2591 vi
2128 2540 2262 2593 venti
2303 2540 2375 2613 ip-

1275 2620 1376 2675 sum
1410 2623 1650 2676 elesants
1694 2619 1895 2690 aequalis
1924 2618 2095 2671 evadit
2130 2657 2145 2675 ‚
2207 2635 2377 2672 motus-

1275 2701 1512 2754 machinae
1552 2698 1736 2751 listatur
1791 2693 1979 2751 neceffe
2030 2697 2100 2750 est
2149 2705 2242 2760 (§.
2277 2712 2374 2764 75,

1273 2780 1631 2848 Mechan.)÷&
1660 2775 1777 2846 quia
1802 2775 2007 2829 cochlea
2035 2792 2269 2846 perpetua
2296 2779 2379 2829 EF

1275 2875 1436 2912 rotam
1482 2855 1683 2928 quidem
1728 2855 1831 2907 GH
1885 2856 2225 2924 circumagere
2280 2872 2376 2926 po<-

1273 2938 1363 2990 test
1387 2976 1400 2997 ,
1445 2934 1540 3008 ipsa
1574 2949 1740 2986 autem
1780 2951 1808 2986 a
1850 2949 1961 2986 rota
1987 2932 2259 3003 circumagi
2285 2951 2371 2985 ne-

1274 3018 1381 3087 quit
1404 3013 1662 3067 brachium
1689 3013 1755 3062 {K
1775 3028 1886 3063 cum
1904 3010 2126 3083 pondere
2144 3012 2184 3063 L
2209 3010 2366 3063 relabi

1271 3092 1623 3166 nequinindex
1644 3088 1774 3142 adeo
1787 3085 1975 3161 semper
1997 3087 2365 3160 iudicanquam

1273 3189 1352 3226 tus
1372 3172 1425 3225 sit
1452 3170 1659 3242 angulus
1693 3166 1983 3221 elevationis
2004 3165 2254 3237 ponderis³
2277 3166 2363 3220 ubi

1274 3252 1437 3303 eidem
1456 3251 1524 3301 vis
1555 3245 1684 3300 venti
1699 3243 2186 3315 aequilibratununde
2203 3244 2365 3298 deter¹²

1276 3329 1543 3383 minabitur
1580 3327 1655 3381 vis
1690 3324 1820 3376 venti
1849 3324 2365 3396 (§.793..Mechau.)·‚.

2211 3418 2370 3474 atque
