2687 3754
318 202 436 265 '270
589 192 2335 255 ELEMENTAHYDROSTOTICAE.

320 335 2508 357 *n—n———ffl———ffl———u—-nm——m———m—
2520 338 2621 353 η

1096 442 1600 514 CAPUT

1706 447 1864 516 IV.—

383 611 493 680 De
541 611 993 682 Gravitatione
1047 612 1391 780 Corpormg
1438 612 1710 712 Speczfice
1766 610 2117 685 Leviorum
2185 613 2255 682 in
2336 605 2558 683 fluido

1386 739 1653 790 ravzorz.

428 894 899 948 THEoREMA
995 893 1272 949 XVIII.

310 1011 402 1061 94.
582 999 740 1070 Orpns
764 999 982 1072 specifice
1025 1001 1186 1052 levius
1216 1004 1269 1050 ira
1290 998 1401 1059 stai-

616 1079 671 1130 do
710 1084 946 1149 graviore
992 1083 1224 1149 mergitur
1260 1114 1274 1135 2,
1330 1078 1404 1129 do-

305 1173 392 1209 nec
417 1158 607 1228 pondus
631 1156 790 1226 fluidi
808 1156 903 1226 βψ
950 1158 1198 1211 volumine
1237 1160 1401 1226 partis

306 1234 523 1307 immersit
553 1249 757 1308 aequetur
770 1236 977 1308 ponderi
1001 1239 1151 1288 totius
1172 1238 1396 1306 corporis.

509 1365 1187 1418 DEMoNsrRArio.

383 1491 521 1546 Cum
563 1492 693 1544 enim
739 1491 982 1545 columnae
1042 1490 1399 1564 quantaelibet,

303 1566 353 1621 in
395 1586 519 1640 quas
561 1569 771 1623 fluidum
819 1569 1099 1642 concipitur
1148 1565 1355 1622 divisum
1383 1606 1399 1631 ,

302 1647 716 1719 aequiponderent
739 1686 754 1710 ,
782 1647 804 1718 (
816 1656 868 1710 ,6.
891 1662 962 1713 34
980 1651 1002 1720 )
1016 1672 1030 1706 ,·
1076 1647 1301 1719 ficorpus
1327 1646 1403 1700 so-

302 1724 459 1778 lidum
493 1726 654 1779 eidem
686 1726 989 1798 imponitur,
1036 1727 1239 1799 perinde
1255 1727 1323 1779 est
1341 1743 1400 1778 ac

301 1801 336 1855 fi
362 1803 606 1857 columnae
638 1805 719 1858 uni
746 1821 938 1858 tantum
970 1805 1204 1876 ponderis
1245 1801 1402 1858 acces-

300 1880 453 1944 fiffet,
487 1898 728 1955 quantum
755 1885 823 1936 est
844 1883 979 1936 fluidi
1010 1881 1097 1937 sub
1115 1883 1297 1937 eodem
1317 1901 1404 1935 vo-

299 1960 507 2023 lumine,
536 1957 894 2033 consequenter
911 1961 1143 2015 columna
1168 1963 1255 2016 ista
1287 1979 1402 2035 prae-

300 2039 550 2110 ponderat
577 2039 597 2108 (
623 2044 667 2100 §.
695 2039 807 2107 35).
873 2040 1086 2094 Cedunt
1137 2059 1260 2112 ergo
1319 2058 1402 2094 co-

299 2116 479 2170 lumnae
517 2119 827 2172 collaterales
861 2117 883 2187 (
911 2124 956 2179 §.
984 2133 1077 2187 75.
1109 2118 1400 2185 Mechan.)

301 2211 585 2268 corpusque
621 2194 833 2250 solidum
861 2198 1190 2269 immergitur.
1231 2200 1401 2269 Qiam

298 2273 513 2344 primum
556 2293 678 2328 vero
713 2293 895 2346 corpus
930 2293 989 2328 ea
1037 2274 1106 2327 sui
1142 2293 1279 2348 parte
1316 2276 1401 2329 im·-

298 2348 511 2404 mersum
527 2390 540 2414 ‚
587 2369 640 2406 ut
667 2353 870 2406 fluidum
890 2354 1098 2422 ejefficurn
1122 2372 1184 2407 ex
1210 2351 1365 2425 spatio
1385 2392 1400 2416 ,

296 2428 439 2502 quod
484 2447 703 2503 occupat
731 2470 746 2495 ‚
817 2432 1041 2502 pondere
1098 2431 1289 2504 :equale
1353 2430 1406 2484 fit

295 2509 530 2581 gravitati
563 2511 718 2563 totius
754 2511 1013 2582 corporis3
1060 2511 1295 2563 columna
1320 2511 1406 2563 ista

296 2604 400 2641 non
438 2588 647 2657 amplius
674 2589 1043 2661 praeponderat.
1089 2592 1293 2660 Corpus
1319 2590 1405 2643 ita-

296 2681 397 2736 que
429 2664 497 2717 ita
523 2665 802 2720 immersum
837 2668 902 2720 ab
930 2684 1063 2739 aqua
1093 2665 1401 2722 sustentatur.

295 2742 527 2813 Qad.

445 2821 1102 2877 CoKoLLAiinM
1204 2825 1242 2877 I.

360 2931 436 2975 95.
477 2916 603 2982 Qua
623 2916 873 2979 gravitates
901 2916 1119 2981 specificae
1143 2935 1401 2982 corporum

294 2982 502 3042 ejusdem
534 2983 756 3046 ponderis
777 2982 878 3031 sunt
910 2987 1147 3048 reciproce
1184 3000 1235 3034 ut
1266 2989 1402 3037 volu-

293 3050 418 3096 mina
445 3051 459 3110 (
483 3053 527 3108 ἓ.
549 3068 604 3109 29
636 3054 648 3105 )
673 3084 686 3103 ‚
723 3052 963 3098 volumina
988 3067 1102 3099 vero
1142 3053 1397 3100 fluidorum

291 3117 505 3179 pondere
534 3118 776 3178 aequalium
804 3117 904 3166 sunt
925 3131 975 3165 ut
1002 3132 1158 3181 partes
1179 3119 1398 3167 immersae

294 3182 502 3242 ejusdem
535 3183 668 3231 solidi
691 3200 693 3204 ’
718 3189 773 3240 5.
794 3201 849 3242 59
876 3194 911 3238 );
941 3186 1193 3246 gravitates
1222 3185 1397 3249 specifi-

292 3264 351 3295 cae
374 3249 623 3297 fluidorum
655 3252 894 3315 reciproce
920 3250 1023 3301 sunt
1052 3266 1102 3301 ut
1123 3266 1279 3316 partes
1305 3253 1400 3303 im-

293 3315 444 3366 mersae
466 3317 674 3380 ejusdem
695 3321 927 3381 corporis.

1643 898 2318 952 CoRoLLARIUM
2402 895 2488 948 II.

1596 1007 1675 1056 96.
1716 998 1925 1045 Solidum
1955 1014 2068 1061 ergo
2092 994 2372 1058 profundius
2392 993 2616 1056 mergitur

1529 1065 1576 1112 in
1602 1064 1749 1111 fluido
1768 1065 1932 1114 leviori
1953 1098 1967 1118 ,
2008 1079 2149 1126 quam
2168 1064 2215 1109 in
2235 1061 2449 1125 graviori.

1639 1156 2239 1211 CoRoLARIUM
2324 1156 2462 1208 III.

1596 1267 1672 1313 97.
1710 1254 1823 1317 Qo
1850 1254 2078 1310 majorem
2100 1248 2334 1297 rationem
2364 1246 2496 1296 solidi
2520 1252 2623 1312 gra-x

1528 1317 1645 1368 vitas
1683 1317 1889 1380 specifica
1920 1317 1979 1364 ad
2031 1316 2161 1364 fluidi
2202 1314 2407 1379 specifice
2438 1314 2628 1362 levioris

1528 1385 1804 1449 gravitatem
1842 1384 2055 1432 habuerit
2068 1401 2080 1436 3
2120 1400 2178 1431 eo
2209 1381 2487 1446 profundius
2526 1396 2628 1430 cor-

1529 1469 1617 1516 pus
1670 1453 1910 1515 mergitur.
1949 1455 2030 1507 (35.
2053 1467 2160 1511 203.
2183 1448 2429 1511 Arithm.).

1632 1547 2306 1601 COROLLARIUM
2391 1545 2497 1600 IV.

1593 1654 1674 1698 98.
1715 1648 1757 1693 Si
1775 1646 1971 1694 solidum
2010 1646 2152 1694 fuerit
2188 1644 2396 1705 ejusdem
2430 1643 2629 1707 gravita-

1529 1713 1589 1759 tis
1611 1712 1821 1775 specificae
1843 1731 1948 1761 cum
1972 1713 2135 1766 fluido,
2163 1729 2335 1776 corpus
2356 1724 2512 1758 totum
2526 1709 2627 1757 sub-

1531 1782 1756 1893 piergitur
1788 1787 1830 1828 ὃς
1863 1780 2025 1828 datum
2080 1781 2201 1828 intra
2235 1780 2430 1827 fluidum
2467 1781 2626 1826 locum

1549 1861 1694 1894 ervat.

1681 1915 2321 1969 CoRoLLARIUM
2404 1915 2471 1968 V.

1596 2061 1672 2103 99.
1725 2042 1767 2089 Si
1803 2058 1974 2105 corpus
1995 2041 2200 2105 specifice
2218 2041 2364 2089 levius
2397 2040 2443 2089 in
2477 2039 2625 2098 fluido

1472 2138 1476 2171 1
1528 2110 1729 2173 graviori
1757 2122 1913 2155 totum
1948 2109 2288 2172 submergitur,
2327 2107 2352 2156 a
2389 2108 2624 2156 columnis

1529 2175 1873 2224 collateralibus
1912 2192 1964 2223 ea
1994 2177 2036 2223 vi
2061 2176 2119 2222 ad
2157 2174 2384 2222 ascensum
2406 2192 2621 2239 urgetur,

1530 2261 1629 2304 quae
1656 2243 1841 2305 aequalis
1882 2244 1943 2290 est
1965 2241 2156 2290 excessui
2184 2242 2314 2290 fluidi
2336 2275 2348 2294 ,
2386 2243 2623 2289 volumine

1530 2310 1681 2426 soqliqo
1703 2310 1915 2433 aequalis,
1938 2308 2069 2372 supra
2088 2309 2273 2373 pondus
2290 2308 2428 2359 solidi
2446 2310 2520 2370 (5.
2541 2323 2618 2372 75.

1531 2383 1566 2425 λ’
1586 2395 1732 2426 eman.
1768 2412 1778 2422 .
2640 2412 2642 2414 .

1669 2496 2298 2550 CoRoLLARIUM
2382 2495 2486 2549 VI.

1606 2639 1623 2669 1
1638 2642 1713 2670 00.
1737 2625 1924 2685 Corpus
1942 2622 2060 2669 adeo
2080 2620 2285 2686 specifice
2310 2622 2456 2671 levius
2476 2619 2622 2671 fundo

1529 2689 1640 2736 vasis
1672 2689 1947 2737 incumbens
1984 2706 2079 2737 non
2116 2690 2373 2743 attollitur,
2412 2689 2491 2736 nifi
2524 2690 2624 2737 flui-

1530 2755 1640 2801 dum
1655 2756 1837 2819 gravius
1859 2755 2048 2802 affusum
2076 2760 2194 2803 ultra
2214 2771 2394 2819 partem
2412 2754 2624 2820 assurgat,

1530 2838 1628 2883 quac
1651 2823 1892 2869 volun-ine
1926 2823 2112 2883 aeqiialis
2146 2823 2210 2871 est
2249 2823 2395 2873 fluido
2419 2823 2626 2886 ejusdem

1530 2905 1635 2936 cum
1668 2887 1819 2937 solido
1840 2902 1947 2935 toto
1969 2889 2213 2952 ponderis.

1687 2981 2172 3032 THEOREMA
2258 2981 2435 3032 XIX.

1611 3093 1707 3135 101.
1753 3075 2012 3131 Gravitas
2030 3084 2162 3151 speci
2199 3103 2254 3134 ca
2275 3082 2632 3154 sblidi2est>ad

1520 3162 1832 3229 gravilatem
1878 3157 2146 3229 specificam
2175 3162 2333 3232 fluidi
2363 3201 2378 3224 ‚
2435 3169 2488 3216 in
2535 3180 2625 3234 quo

1527 3242 1797 3308 mergitum
1843 3253 1898 3288 ut
1936 3239 2161 3291 volumen
2187 3246 2356 3313 partis
2395 3239 2631 3312 immersa>

1527 3316 1599 3367 ad
1623 3316 1852 3368 volumen
1894 3319 2151 3390 integrum.

2514 3397 2626 3457 DE2
