2687 3754
206 199 319 266 '352
586 171 2179 246 ELEMENTAHYDRAUMC‘AE.

216 337 268 389 3.
312 324 407 376 Per
433 320 540 389 ejus
558 319 780 374 medium
812 313 1026 372 transeat
1046 315 1198 369 tubus
1213 312 1316 367 AC

298 400 627 472 diaphragma
664 399 760 453 ΟΕ
803 415 905 451 non
940 391 1136 469 prorsus
1175 393 1319 445 attin-

299 497 422 553 gens
451 481 502 531 ὃς
529 476 791 551 epistomio
817 478 838 529 I
867 473 1102 527 munitus.

224 571 281 631 4.
323 555 502 613 Fundo
529 556 677 612 catini
702 552 1150 608 confertuminetur
1165 548 1320 604 tubus

301 636 441 693 DEL
467 635 598 688 ultra
639 633 965 705 diaphragma
995 630 1060 683 ad
1109 627 1320 682 fundum

304 716 409 772 fere
456 713 579 767 vafis
627 711 868 766 inferioris
889 702 1320 780 HQprotensuS‚

302 795 533 864 tuboque
557 793 656 845 AC
694 789 910 861 longior.

231 888 282 943 ς.
327 871 560 944 Denique
602 865 966 941 diaphragmati
1003 861 1325 918 co‘nferrumi-

305 968 451 1006 netur
476 949 600 1003 alius
628 947 778 1000 tubus
807 948 893 999 GF
925 945 975 998 in
1002 961 1087 996 vas
1121 941 1322 995 inferius

305 1033 419 1100 HQ
446 1028 583 1081 hians
613 1029 664 1081 δε
703 1025 767 1078 ad
792 1023 1010 1077 catinum
1036 1020 1140 1075 fere
1172 1017 1322 1073 affur-

307 1128 449 1182 gens.
784 1172 787 1177 Ι

226 1188 361 1244 Dico
385 1225 401 1250 ,
447 1184 479 1238 fi
518 1180 888 1255 ‘receptaculum
916 1176 1135 1251 superius
1167 1177 1248 1230 PR
1278 1194 1324 1229 a·

226 1283 329 1342 qua
354 1265 545 1338 repleas
578 1279 664 1334 per
693 1259 922 1315 foramen
952 1262 996 1311 K
1029 1262 1079 1312 δε
1121 1257 1210 1310 illo
1233 1257 1326 1308 ob<

143 1363 147 1380 ³
227 1361 397 1400 turato
422 1358 607 1416 aquam
649 1340 798 1394 etiam
844 1337 1011 1392 catino
1057 1334 1325 1396 infimdaS,

229 1424 340 1479 fore
374 1439 428 1476 ut
456 1421 619 1475 omnis
647 1437 710 1472 ex
739 1418 1054 1489 receptaculo
1074 1413 1326 1486 superiore

229 1505 312 1557 PR
337 1502 558 1569 ejiciatur
585 1502 636 1551 &
667 1514 752 1569 per
794 1495 1027 1550 tubulum
1062 1495 1158 1548 DL
1183 1495 1231 1547 in
1258 1492 1327 1545 in-

229 1581 378 1638 ferius
409 1575 692 1632 descendat.

418 1706 1137 1763 DEMoNs‘rRA‘rro»

301 1838 448 1896 'Dum
467 1837 597 1890 enirn
626 1850 758 1907 aqua
784 1849 874 1908 per
907 1833 1087 1886 tubum
1114 1830 1212 1887 DL
1235 1829 1324 1884 de-

227 1916 333 1976 fluit
353 1958 367 1982 ,
410 1918 495 1970 aer
524 1917 571 1969 in
599 1912 918 1987 receptaculo
943 1910 1176 1965 inferiore
1195 1927 1329 1963 com-

227 1997 458 2074 primitur
506 1994 528 2065 (
553 2003 604 2057 §.
631 2006 714 2062 17.
736 1991 933 2047 Aerem.
963 1997 982 2057 )
1012 2030 1026 2053 ,
1094 1989 1328 2061 adeoque

228 2079 384 2134 elater
417 2075 523 2142 ejus
561 2071 830 2127 intenditur
851 2076 933 2135 (§.
959 2079 1054 2138 78.
1080 2067 1328 2137 Aerem).

232 2153 428 2225 Quodsi
454 2170 575 2224 ergo
616 2150 935 2223 epistomium
960 2151 982 2202 I
1007 2147 1218 2220 aperias,
1233 2146 1331 2200 ela-

239 2251 315 2289 ter
333 2234 456 2287 aeris
505 2229 672 2284 inclusi
712 2229 892 2282 fortior
943 2227 1098 2299 magis
1151 2226 1330 2298 premit

238 2331 425 2386 aquam
458 2310 506 2363 in
534 2306 647 2363 vase
664 2309 744 2361 PR
763 2349 776 2369 ,
821 2324 972 2378 quam
1015 2319 1247 2359 externus
1267 2303 1330 2356 ad

240 2395 289 2448 A
324 2388 508 2446 resistit»
591 2388 791 2460 Aquam
821 2385 969 2458 igitur
992 2403 1056 2438 ex
1104 2380 1216 2436 vase
1251 2383 1333 2436 PR

240 2490 327 2546 per
348 2468 528 2525 tubum
548 2468 648 2523 Ac
687 2464 906 2538 expellit.
991 2463 1063 2535 Q.
1084 2484 1125 2517 e.
1151 2464 1197 2516 d.

561 2597 596 2650 S
625 2612 656 2648 o
688 2612 722 2647 H
742 2613 776 2648 o
804 2609 836 2647 L
859 2609 875 2646 1
902 2609 937 2646 o
961 2607 1020 2646 Ν.

324 2745 400 2783 90.
440 2723 614 2792 Qodfi
648 2722 821 2771 tubulus
853 2723 928 2768 ΑΒ
981 2724 1135 2782 exiguo
1176 2721 1336 2768 lumine

245 2790 384 2859 fuerit
414 2792 665 2849 instruam,
702 2804 751 2837 ut
772 2806 883 2853 aqua
913 2805 969 2835 ex
990 2805 1037 2836 eo
1054 2788 1186 2848 saliat
1209 2803 1220 2838 3
1271 2790 1338 2833 in-

243 2862 416 2929 geniosa
444 2862 527 2908 haec
553 2860 752 2906 machina
779 2856 832 2903 ab
864 2859 1089 2904 inventore
1123 2859 1336 2902 HERONE

247 2931 551 2981 Alexandrino
605 2927 727 2973 Fons
782 2928 1020 2971 Henoms
1079 2923 1335 2986 appellatur.

251 3005 387 3047 Patet
419 3014 474 3045 ex
509 2992 868 3049 demonstratione
895 3005 1053 3054 aquam
1091 2991 1159 3037 hic
1188 2991 1338 3050 urgeri

249 3070 304 3114 ad
331 3065 491 3124 saltum
512 3065 561 3110 vi
591 3060 761 3116 clastica
779 3061 893 3106 ae'ris
918 3059 1154 3120 compressi,
1193 3072 1337 3120 quem-

248 3136 474 3181 admodum
508 3132 553 3178 in
575 3127 850 3176 Problemate
864 3127 1150 3189 praecedente:
1201 3121 1337 3181 conje-

248 3214 428 3264 quenter
447 3197 617 3260 fontem
637 3199 870 3245 HERONJS
882 3195 1068 3256 pendere
1092 3193 1118 3237 ci
1138 3193 1258 3237 modo
1272 3191 1339 3237 in-

241 3267 406 3329 geniofh
438 3272 581 3312 aerem
621 3267 741 3312 intra
774 3279 856 3310 vas
881 3264 930 3310 vi
952 3259 1176 3319 strusturae
1196 3257 1337 3320 fontis

246 3335 565 3399 comprimendi.

1400 3314 1409 3417 1
1464 3318 1592 3369 cium
1621 3309 1727 3366 tubi
1744 3310 1928 3385 refistjt.

1653 315 2116 367 PROBLEMA
2199 300 2363 366 XIV'.

1534 425 1627 476 91.
1677 412 1872 484 Aquam
1896 428 1985 484 per
2007 409 2383 481 rarefadionem
2423 411 2553 461 a'erir

1453 493 1698 564 expellere.

1716 565 1758 618 R
1789 579 1815 616 ε
1845 578 1866 615 s
1893 583 1928 619 0
1953 583 1981 617 z
2010 579 2046 618 u
2079 582 2112 617 T
2142 579 2161 617 1
2188 583 2239 619 0.

1462 681 1506 722 1.
1551 664 1661 720 Sint
1689 660 1794 717 du‘o
1830 660 1941 717 vasa
1969 663 2164 719 ABCD
2190 652 2438 718 &CDEF
2462 623 2552 736 per

1531 742 1856 816 diaphragma
1884 734 1987 796 CD
2005 740 2033 795 ὲ
2051 740 2099 795 se
2118 743 2332 795 invicem
2357 739 2548 814 separa·
2574 744 2677 793 Tab.

1529 838 1582 876 ta
1619 821 1908 890 habeatque
1943 818 2161 892 superius
2204 822 2399 875 ABCD
2432 820 2549 874 cati·
2574 815 2680 877 fig-¹

1531 919 1650 954 num
1681 901 1871 954 AGHss
1913 897 2392 955 confertuminatutn
2427 899 2551 967 ejus-

1534 980 1656 1033 dem
1690 996 1802 1031 cum
1828 973 1928 1048 ipso
1954 978 2255 1048 capacitatis,
2375 1040 2381 1048 Ε

1460 1070 1507 1115 2,
1554 1059 1629 1111 Ex
1660 1055 2036 1128 diaphragmate
2072 1057 2177 1109 CI)
2214 1053 2445 1109 ascendat
2478 1057 2554 1110 ’ωε-

1536 1135 1684 1188 buius
1727 1138 1794 1187 JK
1835 1131 2046 1187 fundum
2083 1133 2229 1187 catini
2269 1152 2373 1188 non
2416 1152 2556 1207 protrm

1536 1211 1611 1267 sus
1645 1214 1915 1285 attingensi.
2171 1274 2175 1277 ι

1463 1307 1512 1361 3.
1555 1297 1646 1347 Per
1678 1291 1890 1346 fundum
1922 1291 2070 1345 catini
2089 1286 2318 1362 exsurgat
2339 1289 2460 1344 alius
2481 1303 2560 1345 tus

1538 1371 1685 1426 bulus
1711 1372 1812 1424 LM
1841 1409 1855 1427 ‚
1927 1371 2066 1438 cujus
2105 1371 2276 1423 lumen
2310 1371 2350 1423 L
2384 1367 2412 1422 εὶ
2453 1367 2563 1423 dia-

1539 1451 1835 1522 phragmate
1862 1450 2051 1522 exiguo
2076 1447 2341 1503 intervallo
2359 1447 2521 1502 distet.

1460 1530 1627 1593 Dico,
1653 1528 1686 1583 fi
1715 1548 1798 1583 vas
1825 1531 1913 1584 CF
1939 1528 2102 1601 prunis
2128 1527 2439 1599 imponatur,
2468 1533 2556 1580 aut

1459 1606 1592 1662 faces
1636 1606 1867 1662 ardentes
1904 1606 2067 1661 fundo
2111 1606 2215 1674 ejus
2251 1607 2329 1659 EF
2378 1603 2555 1677 suppos

1460 1702 1672 1750 namur,
1715 1686 1826 1741 fore
1855 1703 1909 1740 ut
1946 1703 2078 1758 aqua
2100 1703 2162 1739 ex
2201 1681 2315 1738 vase
2337 1683 2438 1740 AD
2464 1690 2552 1758 per

1460 1767 1697 1821 tubulum
1723 1766 1826 1820 LM
1848 1764 2089 1835 ejiciatur.

1649 1895 2346 1950 DEMONSTRATIO.

1538 2024 1676 2077 Dum
1697 2023 1827 2078 enim
1868 2027 1953 2078 aer
1997 2025 2044 2079 in
2070 2019 2181 2077 vase
2202 2023 2385 2078 CEFD
2418 2020 2550 2075 inca-

1459 2099 1620 2166 lescit,
1665 2101 1831 2156 rarefit
1871 2108 1949 2175 (§.
1969 2118 2058 2172 23.
2085 2100 2318 2170 Aerem.)
2341 2101 2549 2173 ejusque

1459 2180 1614 2235 elater
1669 2181 1940 2236 intenditur
1970 2182 1991 2253 (
2024 2190 2076 2244 §.
2114 2191 2235 2243 146.
2267 2188 2458 2244 Aerem.
2485 2177 2508 2248 )
2532 2217 2548 2233 ο

1462 2260 1629 2316 Elarer
1654 2258 1805 2333 igitur
1833 2260 1955 2315 aeris
1980 2259 2149 2315 inclusi
2171 2258 2345 2314 fortius
2373 2255 2550 2331 premit

1463 2358 1643 2412 aquam
1679 2341 1726 2393 in
1763 2335 1874 2393 vase
1901 2342 2003 2395 AD
2027 2355 2342 2401 contentam,
2395 2343 2549 2408 quani

1464 2435 1692 2473 externus
1733 2417 1798 2471 ad
1834 2421 1892 2472 M
1926 2416 2091 2472 refistit
2116 2457 2131 2480 ,
2197 2413 2553 2488 consequenter

1465 2515 1595 2573 aqua
1624 2516 1710 2571 per
1731 2497 1963 2552 tubulum
1989 2498 2090 2552 [Μ
2115 2496 2324 2565 ejicitur.
2370 2493 2552 2566 Qaass

1639 2633 2119 2684 THzoRaMA
2204 2625 2363 2680 XVI.

1551 2770 1644 2821 91.
1691 2757 1748 2812 Si
1770 2776 1901 2830 aqua
1947 2762 2008 2810 vi
2039 2758 2170 2808 a'e‘ris
2207 2755 2437 2826 compreffi
2462 2761 2550 2826 per
2595 2762 2598 2765 “

1470 2838 1634 2892 tubum
1662 2842 1856 2908 ejicitur
1874 2874 1889 2898 ,
1934 2851 2092 2888 motus
2126 2833 2283 2886 eodem
2309 2833 2439 2886 modo
2475 2847 2553 2884 ac*

1466 2920 1702 2971 celeratur
1726 2952 1744 2979 ,
1808 2936 1898 2989 quo
1947 2915 2292 2967 acceleraretur
2329 2912 2556 2984 preffione‘*

1467 3016 1595 3069 aquae
1617 2997 1684 3063 ad
1695 3011 1886 3047 tantam
1912 2991 2226 3047 altitudinem
2244 2990 2555 3061 conststentis‚

1467 3092 1655 3148 quanta
1672 3067 1851 3143 stffcit
1879 3071 1949 3125 ad
1976 3070 2298 3142 aequilibrium
2331 3083 2436 3122 cum
2470 3085 2557 3119 ex-

1465 3151 1578 3223 ceffia
1596 3154 1793 3205 clateris
1816 3156 1949 3204 aeris
1979 3150 2209 3221 compreffi
2241 3148 2378 3221 &pra
2413 3148 2557 3200 elatea-

1465 3252 1566 3287 rem
1583 3235 1844 3304 primitivi
1865 3267 1879 3291 ‚
1909 3229 1999 3297 stu
2029 3235 2132 3300 ejus
2195 3231 2283 3300 qui
2340 3227 2410 3280 ad
2433 3226 2557 3294 orfi-

2430 3380 2561 3441 θεὲ,
