2687 3754
82 1392 198 1438 Tab.
212 1394 246 1439 1.

84 1461 180 1521 fig.
198 1475 239 1518 3.

282 202 389 254 334

276 310 601 370 foraminibus
625 306 789 363 iisdem
810 310 1066 372 obvertat‚
1093 308 1216 363 nihil
1243 327 1383 382 aquae

279 390 451 464 egredi
479 390 658 460 poterit
683 426 696 444 ,
734 389 968 459 adeoque
1002 389 1379 442 instrumentum

279 468 357 525 est‘
384 467 692 541 epistomium
734 466 812 519 vel
840 465 1075 520 clavicula
1111 470 1188 528 <§.
1212 481 1233 533 5
1258 472 1295 535 >.

599 597 1068 649 SCHoLION.

344 707 387 751 8.
444 699 794 763 Perfectiffimam
844 696 1052 760 epistomii
1105 693 1375 747 coastrafflio-

276 787 369 818 nem
400 768 470 816 hie
498 781 707 830 exponere
738 765 882 813 libuit.
940 767 995 809 In
1012 764 1147 824 praxi
1175 764 1286 807 enim
1300 762 1375 820 fa·-

275 838 356 886 cile
385 834 612 899 apparebit
642 850 697 881 ex
717 831 1045 886 circumstantiis
1065 822 1398 890 fingalaribas‚¹

269 905 307 964 fi
343 920 426 967 qua
447 905 592 949 omitti
609 903 776 965 possint.
848 902 925 946 Ita
946 914 983 944 e.
1000 912 1067 958 gr.
1095 897 1374 942 communiter

275 974 497 1018 omittitur
512 969 680 1015 cochlea
700 971 749 1014 M
775 982 868 1013 cum
890 967 1094 1014 matrice,
1123 978 1206 1026 qua
1239 962 1376 1024 cylin-

277 1041 400 1084 drum
433 1039 498 1080 HI
521 1038 638 1081 intra
675 1037 911 1080 cavitatem
947 1029 1044 1076 cabi
1081 1030 1162 1074 AC
1194 1026 1375 1085 firman-

276 1107 374 1150 dum
400 1100 474 1160 effe
493 1103 697 1147 diximus.
778 1102 938 1162 Neque
964 1096 1130 1143 cochlea
1160 1096 1190 1138 F
1211 1094 1375 1156 semper

275 1168 387 1224 adest
407 1170 462 1216 Θ
481 1166 611 1214 tubus
643 1168 722 1212 GF
735 1166 883 1229 saepias
904 1162 1198 1213 horizontalis
1220 1160 1291 1216 est.

525 1260 999 1310 THEOREMA
1084 1253 1121 1304 I.

367 1366 419 1415 9.
465 1348 629 1404 Locus
671 1350 718 1402 Α
739 1388 754 1412 ,
786 1351 854 1401 ad
880 1369 1017 1421 quem
1039 1366 1167 1419 aqua
1195 1365 1257 1397 ex
1277 1347 1373 1396 loco

273 1433 369 1485 alio
402 1433 442 1482 Β
461 1432 569 1501 five
590 1448 675 1501 per
711 1431 910 1481 alveum
937 1464 951 1488 ,
978 1427 1089 1496 five
1109 1442 1199 1495 per
1234 1424 1372 1476 tubes

273 1526 356 1564 aut
403 1511 596 1561 canales
643 1508 921 1560 derivanda
953 1541 967 1560 ,
1018 1504 1248 1556 humilior
1281 1495 1373 1571 seu

272 1603 432 1641 centro
477 1585 691 1638 Telluris
727 1588 919 1657 propior
979 1581 1062 1653 effi?
1102 1581 1235 1635 debet
1288 1579 1373 1632 hoc

272 1664 362 1738 ipsc}
399 1666 564 1717 altero.

481 1744 1154 1796 DEMoNSTRATro.

270 1815 274 1819 ’
357 1822 493 1874 Cum
531 1819 660 1872 enim
699 1836 830 1890 aqua
874 1834 977 1870 non
1017 1818 1165 1878 fluat,
1202 1813 1288 1868 nifi
1322 1812 1371 1866 vi

272 1899 558 1973 gravitatis,
587 1897 802 1971 gravitas
828 1913 950 1949 vero
975 1894 1028 1948 fit
1055 1890 1181 1946 nisus
1210 1889 1371 1947 versus

274 1993 498 2032 centrum
534 1975 743 2030 Telluris
770 1976 856 2046 (§.
876 1989 928 2036 4.
944 1970 1249 2042 Mechan.):
1283 1988 1371 2044 per

273 2055 471 2110 alveum
509 2059 658 2108 fluere
683 2054 857 2125 nequft
881 2052 908 2113 ,’
933 2050 1020 2104 nifi
1045 2049 1283 2122 quamdiu
1305 2048 1369 2102 ad

275 2150 496 2188 centrum
521 2133 733 2187 Telluris
775 2130 977 2204 propius
1011 2127 1253 2182 accedere
1281 2146 1368 2198 po-

275 2213 384 2265 test.
451 2209 663 2268 Necesse
700 2210 845 2280 igitur
881 2209 983 2263 est,
1021 2223 1074 2260 ut
1100 2206 1267 2267 locuS,
1303 2204 1368 2259 acl

274 2307 429 2362 quem
465 2307 596 2359 aqua
631 2306 718 2358 per
764 2287 961 2339 alveum
996 2288 1149 2338 fluere
1171 2284 1324 2337 debet
1352 2321 1367 2345 ‚

276 2383 448 2421 centro
475 2366 686 2420 Telluris
711 2365 918 2436 propior
962 2361 1017 2416 fit
1041 2363 1200 2416 altero
1220 2400 1235 2425 ‚
1283 2380 1367 2415 un-

275 2445 339 2498 de
370 2444 638 2498 derivatur.
681 2442 825 2512 Qod
846 2460 951 2496 erat
976 2462 1155 2508 unam.-

352 2522 548 2591 Qodfi
588 2540 718 2594 aqua
754 2539 840 2592 per
867 2520 1059 2573 canales
1081 2520 1172 2574 BC
1199 2521 1250 2573 δε
1269 2517 1367 2572 CA

275 2602 485 2655 derivari
523 2600 679 2653 debet
709 2618 772 2653 ex
806 2603 845 2653 B
881 2599 928 2651 in
962 2599 1041 2661 A,
1084 2598 1150 2651 ita
1188 2612 1241 2650 ut
1274 2596 1367 2670 pri-

273 2697 408 2733 mum
430 2675 698 2731 descendat
730 2695 790 2730 ex
810 2681 846 2731 B
870 2676 920 2729 in
946 2677 1025 2739 C,
1062 2675 1243 2729 deinde
1268 2692 1368 2726 rur-

274 2753 346 2810 sus
381 2753 608 2810 ascendat
650 2774 714 2809 ex
743 2758 792 2809 C
826 2756 872 2807 in
909 2755 981 2807 A:
1024 2752 1078 2807 fit
1109 2756 1203 2808 DE
1241 2752 1370 2806 linea

272 2834 592 2889 horizontalis
618 2851 703 2906 per
747 2835 797 2887 (3
830 2833 977 2886 duaa
1010 2837 1061 2887 &
1095 2834 1187 2886 BD
1217 2845 1374 2903 atque

273 2915 363 2968 AB
414 2913 480 2967 ad
533 2913 740 2966 eandem
782 2911 1217 2983 perpendicularis.
1300 2909 1375 2963 Sit

276 2993 373 3059 jam
414 2991 506 3046 ΑΕ
530 3002 579 3052 <
605 2993 732 3051 BD,
775 2987 950 3062 preffio
980 3005 1121 3061 aquae
1163 2989 1211 3042 in
1246 2986 1375 3041 tubo

276 3072 368 3123 BC
404 3070 563 3137 major
598 3069 665 3122 est
708 3065 946 3138 preffione
987 3084 1128 3140 aquae
1162 3066 1209 3119 in
1245 3065 1374 3119 tubo

275 3149 373 3202 AC
397 3144 852 3220 (§.34.I1'ya'rostf).
900 3145 993 3199 Ista
1019 3146 1170 3218 igitur
1188 3161 1372 3216 praeva-

277 3225 371 3288 let,
392 3226 624 3299 adeoque
650 3242 829 3298 aquam
856 3224 960 3279 AC
982 3222 1188 3297 impellit
1211 3240 1300 3296 per
1325 3221 1372 3275 A

278 3305 586 3358 effluxuram.

669 3304 939 3359 Enimvero
985 3301 1019 3358 fi
1055 3302 1215 3361 AB>
1243 3304 1369 3360 BD,·
1433 3373 1436 3378 Ι

641 180 1294 240 ELEMENTA
1392 187 2245 248 HYDRAULICAE.

1484 318 1864 390 'quamprimum
1901 338 2031 391 aqua
2059 322 2104 373 in
2143 320 2269 374 tubo
2304 313 2404 373 AC
2431 315 2587 374 ascen-

1502 400 1572 450 dit
1609 397 1677 450 ad
1718 398 2028 451 altitudinem
2067 399 2147 470 {pri
2184 402 2278 452 BD
2311 399 2546 471 aequalem
2573 436 2589 460 ‚

1501 478 1639 529 alteri
1678 479 1725 530 in
1762 477 1888 529 tubo
1924 480 2016 530 BC
2041 478 2375 549 aequil3bratur
2408 474 2483 544 (§.
2508 490 2593 540 34,

1501 555 1789 624 h'ydrost.),
1830 557 1894 607 ab
1932 573 1990 608 ea
2027 555 2171 626 igitur
2201 555 2263 608 ad
2309 554 2593 607 ulteriorem
2678 559 2680 562 ’

1498 632 1743 686 ascensum
1780 630 2023 686 sollicitari
2065 634 2236 704 nequit
2268 632 2594 701 (§.75.Me-

1497 711 1691 782 cham).
1751 711 1847 764 Sed
1874 711 1922 763 vi
1953 713 2204 783 gravitatis
2232 707 2460 763 deorsum
2487 709 2593 761 niti-

1495 807 1573 844 tur
1605 787 1762 843 versus
1787 793 1836 844 C
1860 791 1928 858 (§.
1947 804 1999 851 4.
2016 788 2321 859 Mamm),
2361 787 2594 857 adeoque
2649 821 2657 827 x

1495 887 1584 922 nec
1623 870 1674 921 vi
1702 865 1957 922 intrinseca
1984 866 2245 922 ascendere
2273 868 2449 939 potest.
2514 865 2592 920 Ibi

1494 948 1642 1019 igitur
1683 944 1913 1003 subsistit,
1962 944 2319 1019 consequenter
2358 962 2488 1017 aqua
2529 961 2591 997 ex

1495 1026 1610 1077 loeo
1647 1030 1684 1078 B
1720 1025 1767 1077 in
1802 1025 1950 1077 alium
1994 1026 2039 1078 A
2084 1043 2172 1096 per
2199 1024 2350 1077 tubos
2385 1037 2470 1076 aut
2510 1039 2590 1074 ca—

1494 1103 1626 1155 nales
1665 1120 1898 1156 recurvos
1941 1103 2152 1155 derivari
2183 1101 2386 1173 nequit,
2419 1098 2504 1152 nifi
2538 1101 2582 1157 Α

1492 1179 1546 1235 fit
1582 1181 1812 1234 humilior
1852 1185 1905 1234 B.
1973 1179 2117 1248 Quod
2146 1196 2251 1233 erat
2284 1182 2508 1233 alterum.

1677 1311 2331 1363 CoRoLLARIUM
2384 1309 2426 1360 Ι.

1566 1427 1640 1456 10.
1691 1412 1812 1455 Cum
1853 1410 2007 1455 alveus
2041 1405 2112 1453 vel
2158 1404 2300 1452 tubus
2343 1404 2421 1450 BC
2453 1435 2468 1456 ,
2507 1416 2591 1464 per

1493 1492 1633 1537 quem
1663 1489 1783 1538 aqua
1804 1474 1904 1521 fluit
1925 1490 1983 1520 ex
2007 1475 2042 1518 B
2062 1471 2111 1517 in
2134 1472 2174 1517 C
2192 1504 2207 1524 ,
2239 1471 2290 1517 fit
2311 1472 2501 1533 planum
2521 1469 2593 1515 in-

1490 1542 1712 1590 clinatum
1758 1541 1850 1600 (9⁰.
1882 1546 1991 1598 258.
2035 1538 2302 1597 Mechan.>;
2347 1536 2407 1584 ad
2450 1550 2593 1597 aquas

1488 1610 1685 1671 fluentes
1708 1607 1932 1671 applicari
1955 1603 2170 1670 poffunt,
2200 1621 2299 1667 quae
2329 1603 2378 1650 in
2415 1604 2596 1650 Mecha-

1492 1682 1585 1725 nica
1605 1709 1619 1729 ,
1648 1689 1740 1739 cap.
1759 1685 1802 1721 6.
1824 1672 1882 1719 de
1906 1671 2122 1719 descensu
2152 1672 2361 1734 gravium
2385 1670 2433 1717 in
2455 1672 2596 1732 plano

1491 1743 1717 1791 inclinato
1747 1739 2060 1789 demonstrata
2081 1735 2200 1786 sunt.

1614 1834 2300 1914 COROLLARIUM
2387 1855 2472 1908 11.

1563 1979 1579 2008 1
1598 1978 1635 2007 1.
1675 1962 1788 2005 Sunt
1803 1957 1945 2021 igitur
1965 1956 2238 2004 velocitates
2260 1969 2484 2017 aquarum
2514 1959 2597 2015 per

1489 2025 1693 2076 diversos
1719 2025 1862 2071 tubos
1889 2024 2132 2070 fluentium
2172 2021 2344 2069 eodem
2379 2033 2596 2082 tempore

1489 2092 1714 2155 acquisitae
1734 2125 1748 2145 ‚
1791 2105 1841 2137 ut
1875 2090 2100 2137 tuborum
2129 2087 2447 2152 longitudines
2483 2085 2596 2134 reci-

1489 2177 1632 2226 proce
1669 2159 1751 2218 (5.
1778 2173 1881 2214 302.
1904 2158 2117 2205 Mechan.
2134 2160 2163 2214 >-

1801 2278 2270 2329 ScHoLrou.

1561 2391 1577 2419 1
1593 2390 1635 2419 2.
1670 2373 1844 2436 Insuper
1868 2375 1937 2420 hic
1953 2376 2008 2421 Θ
2027 2371 2359 2438 insequentibus
2385 2371 2587 2421 habemus

1491 2440 1769 2500 resistentiam
1788 2472 1802 2492 ,
1838 2456 1924 2502 qua
1945 2442 2086 2488 oritur
2107 2458 2160 2488 ex
2190 2440 2361 2500 affrirfflu
2385 2444 2432 2487 in
2452 2441 2590 2502 fundo

1491 2509 1608 2555 alvei
1634 2510 1684 2555 &⁷
1705 2506 1951 2570 parietibus
1987 2507 2084 2554 tubi
2109 2508 2182 2566 (§.
2202 2522 2253 2562 93
2270 2522 2308 2562 3.
2342 2507 2593 2566 Mechan.).

1729 2626 2370 2678 PROBLEMAOEI.

1581 2744 1667 2794 13.
1715 2730 1908 2802 Aquam
1938 2747 1998 2780 ex
2033 2729 2129 2780 loco
2153 2745 2246 2781 uno
2282 2729 2513 2782 derivare
2543 2731 2596 2780 in

1495 2811 1699 2862 alteram
1708 2848 1716 2858 ,-

1778 2885 1820 2938 R
1848 2900 1875 2937 E
1907 2900 1928 2936 s
1961 2902 1995 2936 o
2019 2897 2051 2935 L
2081 2898 2115 2934 u
2149 2898 2182 2933 T
2212 2899 2230 2936 1
2256 2901 2308 2936 0.

1503 3003 1546 3044 1.
1594 2987 1872 3044 Libelletur
1912 3004 2043 3058 aqua
2087 2987 2171 3055 <§.
2210 2999 2338 3051 912.
2375 2984 2594 3056 Mech.)

1570 3068 1670 3121 hoc
1697 3067 1793 3128 est,
1852 3066 2168 3137 investigetur
2200 3082 2350 3138 quam
2392 3063 2596 3137 propior

1572 3159 1744 3199 centro
1783 3142 1996 3196 Telluris
2040 3141 2097 3195 fit
2130 3143 2302 3207 locuS‚
2347 3144 2412 3196 acl
2444 3159 2592 3214 quem

1573 3240 1705 3295 aqua
1728 3218 2000 3276 derivanda
2026 3220 2094 3275 est
2114 3259 2129 3284 ‚
2158 3220 2320 3276 altero
2354 3219 2486 3274 unde
2510 3217 2592 3276 de-

1576 3302 1778 3362 rivatur.
1822 3304 1910 3380 (ς.
1932 3313 2060 3375 994.
2095 3299 2331 3372 .Mech.).

2339 3372 2591 3450 20Q0d‘
