2687 3754
203 220 312 279 366

278 339 399 408 Ejus
449 333 741 411 opusculum
794 333 1010 408 superius
1063 337 1102 388 P
1155 332 1306 388 forni-

281 438 394 474 cem
431 418 530 471 AC
570 416 937 488 propemodum
975 413 1200 485 attingit3
1230 413 1303 466 in

281 496 431 551 ferius
455 515 578 550 vero
604 499 653 547 O
678 491 976 564 suneificiem
1011 492 1109 545 olei
1145 492 1211 545 ad
1250 490 1304 544 li·
1358 334 1371 574 ξ

268 576 462 630 bellam
492 578 565 628 HI
598 574 846 627 constituti
885 572 1077 624 lambit.
1356 573 1365 656 ξ

184 671 253 718 -4,
306 652 690 728 Diaphragmati
725 650 1120 703 affe1ruminetur
1148 648 1301 702 tubu-
1356 654 1363 706 ³,

273 735 347 788 lus
396 734 518 787 alius
564 734 728 791 MN,
796 730 1031 802 utrinque
1087 727 1303 782 similiter
1359 714 1363 809 ξ

270 829 473 883 apertus
512 816 562 864 &
592 810 654 862 ad
692 807 901 861 eandem
936 807 1036 862 olei
1074 806 1299 862 libellam
1359 795 1363 850 ἕ

271 895 355 946 HI
399 886 671 963 protensus.
1354 855 1362 948 l

201 986 247 1039 5.
292 970 467 1024 Fundo
504 988 530 1018 v
536 966 622 1019 aiis
653 966 747 1018 Dss
790 963 1188 1019 afferruminetur
1221 980 1298 1017 tu-

274 1048 419 1102 bulus
454 1046 594 1118 QR‚
640 1045 776 1113 cujus
813 1041 1033 1098 osculum
1076 1043 1298 1133 superius

271 1132 334 1197 Q
357 1125 483 1179 ultra
508 1123 730 1177 libellam
752 1123 850 1176 olei
878 1123 1056 1176 tantilo
1081 1123 1298 1176 emineat

274 1210 328 1260 ὃς
357 1201 564 1259 transeat
611 1221 697 1274 per
738 1203 993 1276 matricem
1037 1201 1254 1255 cochleae
1281 1238 1295 1256 ‚

274 1301 375 1357 qua
426 1301 515 1335 vas
560 1281 786 1336 ABDC
835 1280 1298 1354 adpedamentum
1350 1185 1359 1344 l

273 1366 421 1419 VTX
452 1360 705 1414 firmatur.
1348 1343 1358 1446 ξ

190 1454 251 1503 6.
296 1445 431 1496 Intra
464 1441 561 1494 hoc
605 1437 693 1493 fiat
729 1435 981 1492 vasculum
1020 1455 1196 1491 cavum
1237 1437 1299 1490 ab
1350 1433 1357 1518 l

270 1525 328 1575 ’δέ
353 1521 401 1573 in
418 1522 467 1574 G
492 1518 720 1572 foramen
747 1518 984 1590 exiguum
1009 1556 1023 1579 ,
1045 1535 1132 1589 per
1157 1516 1299 1588 quod
1352 1521 1357 1588 J

258 1600 375 1655 -aeri
417 1614 627 1651 externo
649 1597 697 1651 in
717 1596 983 1650 cavitatem
1012 1597 1194 1651 DKLB
1215 1613 1299 1669 pa-
1352 1594 1354 1637 ἶ

272 1692 377 1732 teat
408 1677 588 1730 adituS.
1353 1685 1361 1754 ἐι

181 1772 249 1826 1³7.
299 1757 538 1828 Denique
588 1755 636 1807 in
685 1751 879 1807 fornice
931 1752 1017 1807 fiat
1062 1751 1297 1806 foramen
1354 1750 1362 1827 l

272 1995 377 2067 gari
403 2008 572 2066 queat.

185 2084 331 2141 ¹Dico
357 2124 375 2151 ,
419 2083 452 2138 fi
495 2084 684 2157 lampas
722 2079 752 2136 a
790 2079 1096 2154 pedamento
1132 2079 1296 2135 avulsa

196 2165 456 2218 invertitur
487 2167 535 2216 ⁴&
568 2163 731 2235 digito
778 2160 842 2213 ad
881 2160 1105 2214 foramen
1131 2164 1179 2216 G
1212 2180 1296 2233 ap-

185 2242 383 2317 plicato
411 2241 582 2295 oleum
610 2259 698 2313 per
726 2240 957 2293 tubulum
1002 2242 1098 2308 QR
1135 2240 1295 2294 altero

193 2324 310 2376 MN
347 2320 499 2393 paulo
526 2321 820 2391 ampliorem
861 2317 1161 2378 infunditur,
1188 2319 1296 2373 fore
1344 2384 1348 2387 .

193 2416 248 2453 ut
282 2398 451 2453 oleum
486 2399 750 2453 cavitatem
789 2399 883 2451 GE
921 2395 1182 2469 ingressum
1198 2415 1294 2470 per

183 2477 425 2533 tubulum
454 2479 571 2532 NM
593 2516 606 2533 ,
648 2473 760 2530 vase
786 2476 835 2529 in
868 2476 995 2530 latus
1028 2478 1132 2530 DC
1161 2476 1295 2529 incli-

180 2572 313 2612 nato
339 2596 354 2621 ,
408 2557 455 2609 in
498 2557 753 2629 proprium
794 2558 1162 2628 receptaculum
1197 2555 1291 2608 AK

178 2636 486 2699 delabatur,
531 2640 580 2689 ὅ(
608 2635 794 2706 lampas
831 2636 1018 2707 repleta
1050 2640 1097 2689 ἃ
1120 2636 1184 2688 ad
1210 2653 1293 2707 pe-

175 2714 478 2769 damentum
516 2718 612 2769 VT
658 2711 816 2767 rursus
855 2713 1049 2770 firmata
1089 2731 1292 2769 munere

178 2789 303 2857 ¹suc,
332 2808 386 2850 ut
410 2792 557 2847 decet
578 2831 592 2855 ,
622 2791 874 2865 fungatur.

370 2916 1110 2969 DEMONSTRATIO.

263 3008 522 3078 Qarndiu
565 3011 697 3063 enim
741 3010 910 3063 oleum
955 3012 1018 3065 ad
1072 3011 1290 3067 libellam

182 3088 268 3141 HI
316 3086 563 3141 consistit.
606 3108 669 3142 ne
710 3090 905 3162 guttula
954 3090 1160 3162 quidem
1194 3110 1290 3146 una

176 3182 272 3236 *per
297 3169 423 3221 MN
447 3168 651 3221 effluere
674 3169 864 3240 potest,
893 3189 940 3222 νι
959 3188 1151 3233 eorum
1171 3188 1289 3243 quae

182 3244 248 3296 ad
296 3246 561 3300 Problema
613 3247 901 3319 praecedens
948 3249 1287 3304 demonstrata

178 3317 291 3378 sunt
325 3329 409 3389 (§·
436 3325 597 3395 152).
682 3325 950 3383 Insenfibih
973 3344 1143 3384 autem
1176 3331 1284 3399 ejus
1333 3354 1339 3423 3

564 204 1231 262 ELEMENTA
1325 204 2189 263 HYDRAULICAE.

1362 334 1703 432 {quantitate
1735 333 1987 400 absumta,
2022 339 2109 390 aer
2143 353 2231 408 per
2267 336 2521 390 tracheam

1421 416 1510 467 ΟΡ
1546 414 1820 485 ingreditur
1856 418 1906 467 ὅ(
1936 375 2103 468 oleum
2143 432 2233 485 per
2269 415 2383 470 MN
2418 411 2520 469 def-

1417 491 1489 543 till
1477 492 1559 544 lat.
1622 492 1845 545 Eandem
1878 494 2043 566 itaque
2069 493 2396 564 quantitatem
2421 494 2519 547 olei

1417 569 1607 641 lampas
1642 571 1932 624 constanter
1985 570 2236 643 ellychnio
2287 569 2514 626 affundit.

1416 647 1563 718 Oued
1594 668 1698 702 erat
1729 671 1894 703 unum.

1497 741 1693 814 Qodsi
1743 743 1930 834 lampas
1975 742 2024 796 in
2082 741 2250 796 locum
2289 741 2517 796 calidum

1412 819 1695 884 deferatur,
1715 824 1800 874 ae'r
1816 819 1955 893 supra
1983 820 2151 874 oleum
2179 819 2347 873 raresit
2367 819 2434 890 (§·
2444 831 2511 883 23

1412 899 1610 954 Aerem,
1628 900 1682 971 ),
1710 899 1946 972 adeoque
1974 901 2141 952 oleum
2162 916 2272 970 per
2270 898 2515 952 tubulum

1411 979 1529 1032 MN
1552 979 1815 1049 expellitur
1842 978 1914 1048 (§.
1925 978 2052 1049 91):
2079 976 2222 1050 quod
2248 995 2360 1030 cum
2388 975 2515 1029 ultra

1352 1089 1359 1132 Σ
1410 1055 1632 1109 libellam
1670 1059 1753 1109 HI
1777 1054 2021 1128 assurgat,
2047 1074 2135 1127 per
2157 1055 2390 1108 tubulum
2417 1054 2513 1121 QR

1352 1134 1459 1206 'in
1502 1132 1751 1189 vasculum
1793 1137 1865 1188 ab
1909 1135 2119 1196 defluit,
2157 1132 2514 1206 consequenter

1409 1231 1503 1266 nec
1521 1217 1772 1266 flammam
1800 1212 2122 1286 extinguere,
2149 1230 2240 1265 nec
2274 1229 2415 1267 extra
2441 1231 2514 1266 re-

1396 1293 1723 1365 ceptaculum
1739 1291 1968 1363 ellychnii
1984 1292 2155 1364 egredi
2166 1293 2351 1363 potest.
2372 1291 2517 1361 Quod

1410 1390 1515 1426 erat
1532 1373 1798 1444 secundum
1841 1372 1899 1431 dy·
1926 1379 2143 1425 tertium,

1731 1501 2210 1554 ScHoLION.

1485 1618 1594 1668 156'.
1635 1613 1700 1659 Ut
1726 1612 2028 1668 demonstratio
2064 1611 2249 1659 ocularis
2271 1612 2475 1658 evaderet
2499 1641 2515 1663 a

1411 1694 1493 1723 vas
1525 1681 1694 1725 ABcD
1733 1697 1787 1727 ex
1822 1684 1941 1727 vitro
1961 1679 2064 1739 fieri
2099 1681 2347 1726 curavimus
2385 1675 2519 1735 obser=

1412 1746 1715 1810 vavimufque,
1741 1752 1969 1794 trzcheam
1989 1748 2065 1793 ΡΟ
2092 1764 2179 1793 non
2199 1749 2328 1792 nimis
2356 1746 2519 1791 aretam

270 1835 482 1890 cochlea
506 1837 539 1888 S
584 1833 827 1886 munitum
852 1872 867 1895 9
906 1849 960 1886 ut
994 1834 1181 1903 lampas
1228 1830 1300 1903 (fi
1354 1844 1362 1912 1
1413 1809 1489 1872 effi?
1513 1812 1698 1866 debere,
1733 1813 1769 1873 [Ξ
1804 1815 2045 1875 desideres,
2083 1827 2133 1860 ut
2152 1814 2233 1860 olei
2251 1814 2320 1859 vel
2340 1828 2519 1858 minima

1354 1910 1361 1922 η,
1413 1882 1639 1943 quantitas
1659 1879 1851 1938 absumta
1861 1882 2013 1937 statim
2034 1881 2309 1942 refundatur
2338 1882 2513 1925 Etenim

269 1914 480 1988 quando
508 1930 635 1986 opus
660 1910 858 1979 fuerit)
879 1909 907 1964 a
934 1908 1298 1984 sordibusvpur-
1358 1939 1361 1954 ι

1409 1959 1539 2009 gutta
1571 1948 1655 1994 olei
1672 1952 1766 1996 α’ἒνὶ
1793 1952 1838 1995 in
1867 1948 2067 1996 tubulum
2089 1951 2220 1995 nimis
2241 1947 2406 1994 aretum
2423 1949 2518 1992 adi«

1348 2027 1350 2029 ’
1414 2027 1507 2061 tum
1544 2032 1627 2062 non
1653 2019 1868 2070 concedit,
1897 2016 1976 2076 nifi
1996 2016 2087 2077 ejus
2114 2019 2165 2062 vi
2181 2029 2261 2078 per
2289 2026 2427 2061 totam
2449 2026 2519 2060 tu-

1414 2080 1506 2128 buli
1536 2082 1846 2144 longitudinem
1871 2083 1919 2131 ’in
1951 2100 2032 2130 vas
2066 2083 2224 2130 ACKL
2252 2081 2516 2143 abripiatur.

1415 2152 1538 2198 Unde
1569 2149 1698 2207 simul
1732 2152 1979 2214 colligitur,
2018 2163 2191 2213 operam
2227 2151 2410 2195 dandam
2440 2147 2515 2207 effe

1411 2229 1461 2263 ut
1494 2215 1708 2276 orificium
1732 2221 1914 2267 tracheae
1935 2218 1995 2278 sit
2012 2215 2115 2265 bene
2130 2216 2337 2281 politum.

1565 2336 1708 2388 PRO
1734 2352 1761 2389 B
1793 2353 1824 2391 Ι,
1858 2354 1948 2393 E‘M
1980 2353 2012 2389 A
2089 2336 2359 2391 XXXIX.

1500 2457 1561 2512 1⁵5
1570 2459 1624 2513 7.
1683 2446 1960 2513 Construere
1990 2446 2293 2515 fonticulum
2329 2446 2511 2515 filliam*

1412 2541 1504 2576 tem
1528 2563 1541 2585 ‚
1583 2529 1638 2579 in
1667 2547 1757 2599 quo
1787 2527 1990 2578 avicula
2013 2540 2209 2577 tantum
2246 2544 2376 2595 aquae
2407 2524 2514 2593 fiir*

1410 2603 1546 2666 beat,
1579 2621 1820 2678 quantum
1845 2625 1905 2658 ex
1925 2605 2021 2656 *illo
2047 2602 2266 2675 profluit.

1689 2731 2225 2787 'Resoturm

1424 2859 1468 2901 Ι.
1511 2845 1619 2902 'Fiat
1648 2863 1739 2899 vas
1769 2847 1850 2899 BF
1874 2862 1962 2917 per
1989 2844 2313 2920 diaphragma
2343 2851 2440 2905 ΕΙ)
2465 2850 2512 2904 in
2540 2871 2654 2921 Tab.

1494 2925 1617 2980 duas
1651 2925 1890 2979 cavitates
1931 2922 2168 2983 divisum,
2207 2944 2418 3001 quarum
2446 2926 2512 2981 su-
2557 2943 2636 2984 VI.

1496 3007 1659 3076 perior
1679 3005 1862 3057 AEPt)
1881 3003 1928 3055 in
1950 3002 2074 3054 duas
2091 3006 2210 3057 alias
2233 3008 2332 3061 AC
2357 3011 2404 3060 ὃ(
2423 3009 2514 3063 CB
2544 3011 2639 3068 Fig-

1490 3101 1579 3153 per
1613 3083 1938 3153 diaphragma
1970 3081 2077 3134 CN
2108 3080 2450 3139 subdividitur.
2546 3085 2622 3131 63·
2661 3131 2663 3135 .

1415 3188 1464 3233 2.
1506 3176 1563 3228 In
1594 3179 1675 3245 Q,
1700 3177 1856 3231 R&S
1879 3176 1998 3230 fiant
2025 3175 2271 3233 foramina
2293 3181 2518 3236 cochleis

1494 3255 1761 3308 munienda
1807 3272 1860 3308 ut
1891 3271 2020 3326 aqua
2062 3255 2251 3312 infundi
2282 3264 2332 3313 δε
2359 3259 2517 3314 effun-

1491 3333 1541 3388 di
1577 3332 1725 3406 *poffit
1742 3373 1759 3398 ,
1783 3349 1933 3407 prout
1963 3329 2068 3387 usus
2093 3338 2432 3408 postulaverit.

2371 3431 2418 3481 3.
2439 3418 2514 3469 Ex
